2179 3516
313 274 408 322 144
687 261 1479 304 DIDYNAMu--GYMNOSPERMIA.

362 368 599 419 axillares
622 402 635 426 ,
664 363 873 414 solitarii
897 398 911 421 ‚
940 357 1188 426 oppositi,
1216 357 1269 403 in
1317 350 1632 405 extremitate
1669 361 1926 396 ramorum

362 457 604 508 racemosi
635 475 645 502 :
695 450 998 518 pedzmculi
1045 447 1141 495 lin.
1180 443 1361 509 longi,
1407 438 1682 507 angulati,
1721 433 1928 502 glabri3

373 545 658 596 bracteolcte
696 540 1073 606 angustissimae
1102 575 1115 597 ‚
1168 535 1384 582 lineares
1420 570 1435 593 ‚
1485 529 1691 596 glabrae
1728 536 1818 573 aut
1854 523 1930 572 ci-

368 635 521 682 liatae
544 668 556 691 ,
584 626 892 696 pedunculis
919 623 1259 689 acquilongae
1283 639 1292 666 :
1322 617 1526 682 calyces
1549 613 1751 663 nervosi
1777 648 1790 672 ,
1821 610 1932 677 gla-

367 724 476 783 bri,
504 719 591 769 vcl
614 718 946 784 pubescentes
969 751 983 775 ,
1012 711 1251 761 dentibus
1289 703 1573 773 aliquando
1608 699 1931 762 lanceolatis,

374 823 568 872 semper
603 817 776 852 tamen
814 801 973 849 acutis
1009 795 1327 861 aristatisque
1364 811 1374 838 :
1431 788 1652 838 corollae
1686 785 1931 853 glabrae,

370 889 661 943 concolores
681 925 696 950 ,
723 885 811 937 vel
836 883 1051 934 maculis
1086 879 1284 948 pallide
1321 876 1588 944 purpureis
1625 872 1804 941 sparsis
1839 887 1932 919 no-

374 990 504 1028 tatae
543 997 553 1023 :
587 974 731 1039 solia
765 970 967 1020 floralia
995 1005 1009 1030 ,
1052 968 1155 1016 sive
1192 966 1423 1014 bracteae
1461 961 1761 1021 inferiores,
1810 957 1935 1005 sub-

375 1065 582 1114 dentata
605 1101 620 1125 ‚
674 1060 936 1126 calycibus
969 1055 1236 1119 longiora3
1282 1051 1540 1118 superiora
1571 1048 1895 1114 integerrima
1920 1084 1934 1110 ,

374 1149 637 1218 calycibus
667 1147 940 1205 breviora,
982 1141 1164 1207 glabra
1192 1175 1207 1199 ‚
1262 1136 1387 1196 vel,
1433 1135 1558 1183 dum
1597 1135 1799 1202 calyces
1837 1150 1939 1199 pu-

375 1236 668 1298 bescentes,
711 1232 900 1282 eiliata.
935 1230 1076 1278 Haec
1111 1223 1411 1275 adnotanda
1456 1223 1661 1283 censui,
1691 1235 1748 1270 ut
1780 1219 1943 1268 omnis

376 1326 593 1393 suspicio
640 1322 802 1384 absit,
854 1336 921 1366 an
954 1318 1080 1365 haee
1120 1324 1292 1362 nostra
1329 1311 1510 1377 planta
1545 1310 1564 1377 (
1599 1326 1728 1376 quae
1766 1306 1942 1355 eadem

379 1432 437 1463 ac
473 1412 568 1461 illa
602 1411 751 1459 Flor.
793 1422 945 1471 neap.
986 1414 1037 1451 et
1073 1401 1157 1450 Fl.
1201 1396 1375 1465 rom.)
1414 1414 1442 1444 a
1480 1400 1550 1446 P.
1576 1395 1775 1461 majore
1807 1393 1937 1444 Lin.

384 1499 601 1548 differat.
626 1494 814 1544 Confer
849 1495 911 1542 V
908 1492 974 1540 iv.
995 1487 1061 1552 fl.
1087 1486 1186 1554 ζγό.
1220 1502 1296 1552 sp.
1324 1484 1405 1552 pl.
1442 1482 1546 1540 31,
1572 1496 1633 1550 ‘et
1668 1498 1802 1549 quae
1839 1478 1943 1528 dixi

387 1586 441 1632 in
471 1583 548 1648 pl.
586 1597 691 1630 rar.
717 1597 778 1645 p.
815 1587 945 1634 244.

255 1918 296 1984 †
331 1928 378 1964 2.
404 1915 472 1963 P.
498 1925 722 1961 MINUS.
759 1907 888 1956 Lz'zz.
911 1921 987 1969 sp.
1002 1904 1080 1966 pl.
1107 1901 1234 1950 838.
1281 1899 1447 1949 Πενία
1472 1900 1546 1947 Η.
1571 1897 1711 1944 Pcm.
1739 1910 1799 1960 p.
1818 1890 1952 1945 258,

394 1999 599 2049 excluso
636 2010 927 2063 synonymo
971 1989 1199 2055 Cnpcmi.

328 2093 390 2142 P.
428 2088 561 2137 foliis
598 2086 763 2135 ovatis
800 2099 952 2132 crena
987 2081 1232 2145 utrinque
1270 2073 1483 2141 duplici.

327 2180 387 2228 In
425 2175 597 2226 Sicilia
621 2209 634 2233 ,
672 2184 723 2221 et
755 2171 800 2223 1⁵2
834 2187 896 2218 ex
931 2167 1060 2216 Lz'n.
1097 2175 1146 2213 et
1180 2162 1383 2221 Ucria;
1422 2159 1510 2211 sed
1547 2177 1643 2209 nec
1678 2177 1707 2207 a
1741 2175 1821 2207 me
1859 2174 1953 2206 nec

399 2266 463 2314 ab
488 2264 599 2313 aliis
635 2262 739 2310 huc
773 2276 934 2326 usque
969 2256 1173 2317 visum3
1210 2263 1261 2302 et
1284 2267 1612 2319 synonymon
1645 2246 1858 2313 Cupccm'
1890 2262 1958 2295 ex

397 2357 543 2405 icone
571 2349 780 2419 pcmplc.
815 2359 949 2398 certe
988 2345 1054 2396 ad
1088 2342 1484 2414 praecedentem
1518 2347 1727 2406 spectat.
