2179 3516
320 271 418 329 154
758 277 1529 315 mnYNAMiA--Asomsnmium.

317 380 505 434 Caules
548 377 739 440 erecti,
795 373 1079 441 aliquando
1139 371 1358 433 ramosi,
1417 373 1670 439 palmares
1720 373 1811 424 vel
1847 394 1943 427 ses—

376 465 676 535 quipedales
699 487 708 513 ε
733 465 875 528 solist
916 475 973 510 ut
998 463 1051 509 in
1074 457 1423 529 praecedente
1459 461 1647 511 sessilia
1665 500 1680 525 ,
1708 462 1896 513 villosa
1919 502 1934 527 ‚

378 553 555 602 scabra
579 588 593 611 ,
632 551 687 598 in
721 548 915 616 plantis
951 545 1232 594 humilibus
1272 562 1418 612 saepe
1456 548 1628 596 omnia
1675 548 1937 616 opposita3

377 641 664 708 superiora,
695 638 768 686 uti
806 635 1007 685 floralia
1027 674 1042 698 ,
1074 636 1338 685 serraturis
1380 637 1690 685 acutioribus
1716 636 1939 702 profun-

376 731 706 795 dioribusque
747 747 758 775 :
810 726 971 791 flores
1038 726 1166 775 lutei
1196 761 1212 787 ,
1273 724 1560 775 subsessiles
1595 761 1611 787 ,
1670 724 1939 773 inferiores

374 832 755 882 nonnunquam
790 814 1004 881 oppositi
1034 833 1043 860 ε
1073 812 1228 877 calyx
1263 812 1531 860 tubulosus
1558 810 1938 872 ,.villoso-sca-

374 906 501 965 ber,
542 904 645 951 basi
681 902 886 953 albidus
919 923 928 949 :
968 901 1316 951 cerztlzerccrum
1353 901 1463 950 lobi
1499 902 1604 949 basi
1641 901 1937 950 submucro-

372 995 481 1041 nati
506 1011 515 1038 :
555 990 716 1056 stylus
741 990 1021 1055 pubescens
1048 989 1326 1052 ,stigmate
1364 987 1685 1049 subclavato,
1713 986 1932 1036 villoso-

370 1076 575 1126 albido:
609 1075 832 1140 capsula.
867 1073 1194 1122 teretiuscula
1221 1110 1235 1133 ,
1281 1075 1424 1140 apice
1449 1074 1643 1124 hirsuta
1674 1094 1684 1122 :
1725 1075 1931 1123 semina

369 1182 528 1232 parva
556 1200 570 1224 ,
613 1163 759 1229 nigra
786 1198 801 1223 ,
841 1160 1067 1227 oblonga
1097 1197 1112 1222 ,
1151 1160 1495 1226 subaugulata
1521 1201 1538 1226 ,
1590 1179 1696 1209 non
1739 1163 1931 1226 margi-

374 1263 514 1301 nata.

231 1346 276 1393 3.
313 1345 381 1393 B.
420 1352 772 1391 LATIFOLIA.
828 1333 1008 1386 sz'clz
1026 1333 1091 1399 fl.
1122 1351 1205 1399 gr.
1235 1353 1320 1402 pr.
1360 1352 1400 1386 1.
1429 1350 1488 1402 p.
1532 1335 1663 1394 428.
1717 1340 1836 1401 Spr.
1892 1349 1933 1383 s,

369 1441 479 1490 veg.
516 1437 566 1472 2.
591 1440 654 1489 p.
686 1419 813 1487 773.

297 1515 356 1564 B.
385 1511 536 1562 caule
570 1521 739 1559 erecto
767 1506 986 1576 simplici
1023 1507 1112 1557 vel
1138 1508 1242 1557 basi
1265 1526 1463 1558 ramoso
1485 1545 1500 1570 ,
1528 1508 1664 1558 foliis
1693 1509 1931 1559 omnibus

364 1600 604 1669 oppositis
641 1599 803 1648 ovatis
841 1597 1192 1666 elliptieisque
1229 1600 1621 1649 inciso-serratis
1651 1635 1666 1660 ,
1716 1596 1930 1647 floribus

361 1687 733 1757 quadrifariam
767 1688 969 1755 spicatis
994 1726 1011 1750 ,
1073 1689 1301 1741 corollae
1343 1688 1487 1740 labio
1523 1689 1781 1756 superiore
1834 1686 1929 1735 ab-

362 1779 600 1828 breviato
623 1815 635 1839 ,
677 1777 901 1827 antheris
937 1777 1144 1844 glabris.

361 1868 651 1934 Euphrasia
690 1866 924 1917 latifolia.
961 1870 1093 1916 Lin.
1128 1886 1204 1935 sp.
1237 1869 1312 1934 pl.
1349 1868 1468 1926 841.

363 1956 425 2007 Ε.
466 1955 808 2024 tricuspidata.
870 1958 1037 2006 Πενία
1071 1961 1145 2007 H.
1183 1963 1324 2009 Pan.
1350 1976 1411 2023 p.
1447 1954 1592 2023 259,
1639 1971 1745 2005 non
1797 1952 1926 2003 Lin.

368 2060 430 2091 ex
465 2041 596 2091 loeo.

360 2129 421 2178 E.
444 2145 702 2196 purpurea
722 2165 738 2190 ,
766 2126 998 2178 Vernalis
1018 2165 1033 2190 ,
1063 2138 1278 2195 angusto
1314 2127 1442 2176 folio
1476 2127 1666 2176 incano
1686 2166 1702 2191 ,
1748 2145 1924 2177 coeru-

358 2213 582 2262 lescente
618 2210 744 2261 flore
779 2230 945 2282 parvo
982 2213 1155 2263 rubro,
1207 2214 1340 2277 Cup.
1376 2214 1451 2261 H.
1494 2212 1646 2263 Galle.
1674 2231 1733 2280 p.
1764 2229 1835 2279 70
1860 2216 1890 2263 ?

290 2305 358 2352 Ie.
398 2301 565 2352 Sc'btlz.
586 2300 652 2365 fl.
681 2320 762 2368 gr.
799 2310 832 2352 t.
868 2302 1016 2360 585,
1053 2322 1115 2353 ex
1141 2300 1326 2369 prodr.
1364 2299 1517 2351 Sabb.
1555 2300 1686 2350 hort.
1723 2303 1778 2351 3.
1803 2310 1836 2349 t.
1856 2317 1915 2366 7.

353 2393 643 2459 Euphrasia
665 2392 839 2456 tertia,
866 2392 1094 2442 latifolia
1112 2431 1128 2457 ,
1156 2392 1418 2461 pratensis,
1464 2391 1704 2442 Colamn.
1736 2391 1916 2457 ecplzr.

358 2496 398 2530 ι.
426 2499 485 2546 p.
523 2495 641 2530 200.
679 2489 712 2530 t.
749 2493 869 2531 202.
891 2480 944 2543 f.
976 2495 1026 2531 2.

282 2571 348 2618 ln
385 2569 606 2636 eampiS,
635 2580 686 2618 et
709 2568 933 2620 collibus
971 2569 1128 2620 aridis
1166 2570 1349 2638 apricis
1385 2569 1650 2620 maritimis
1685 2568 1777 2620 vel
1803 2569 1920 2618 sub-

353 2666 609 2704 montosis.

287 2741 475 2792 Martio
509 2778 525 2804 ,
565 2742 750 2809 Aprili.
792 2751 845 2804 Q)

292 2827 483 2878 Caedes
516 2827 843 2895 bipollicares
868 2868 883 2894 ,
923 2830 1013 2881 vel
1047 2830 1305 2899 palmares
1330 2869 1345 2895 ,
1386 2831 1642 2900 simplices
1679 2843 1767 2882 aut
1802 2834 1915 2883 basi

352 2917 565 2979 ramosi,
610 2937 714 2968 una
751 2938 868 2969 cum
905 2921 1042 2970 foliis
1077 2922 1253 2971 villosi
1287 2923 1735 2990 sub-viscosique:
1768 2922 1911 2985 solia

351 3005 580 3069 margine
620 3005 826 3056 demum
861 3012 1095 3061 revoluta
1123 3049 1138 3073 ,
1177 3029 1411 3078 suprema
1446 3011 1863 3079 inciso-palmata
1893 3032 1904 3060 :

333 3088 495 3150 flores
546 3090 635 3140 vel
679 3093 731 3141 in
783 3098 971 3161 spicam
1009 3099 1221 3148 densam
1257 3099 1467 3148 brevem
1505 3101 1765 3166 congesti,
1815 3098 1906 3146 vel

351 3176 486 3241 spica
542 3176 857 3244 bipollicaris
909 3197 959 3235 et
994 3186 1171 3251 ultra,
1226 3187 1314 3236 vel
1369 3184 1593 3253 denique
1644 3185 1909 3235 inferiores
