2179 3516
350 207 447 266 524
785 220 1433 254 nmnnrva-mzcmnmA.

346 314 512 378 Aprili
546 350 559 373 ,
598 311 750 377 Maio.
795 319 848 370 O

348 405 531 451 saules
566 403 817 450 breviores
842 400 1210 466 praecedentis,
1250 399 1398 445 ramis
1425 396 1699 444 numerosis
1733 394 1952 459 patulis,

413 507 512 535 non
571 488 743 535 erectis
795 503 883 533 nec
934 482 1391 530 adst-cudentibus:
1437 480 1622 541 foliola
1673 479 1957 545 aliquando

411 572 700 622 maculata:
758 571 974 633 slipular‘
1023 580 1299 627 cannatae,
1355 568 1509 633 magis
1546 567 1686 631 apice
1721 576 1954 612 attenua-

411 671 512 705 tae:
544 656 831 721 peduncnli
877 653 1008 700 soliis
1062 653 1312 698 breviores
1337 688 1354 706 ,
1393 651 1476 698 vel
1521 652 1607 698 vix
1645 661 1955 715 aequantes:

409 744 622 790 corollae
658 741 833 806 calyce
869 738 1018 787 semel
1059 755 1157 784 non
1198 736 1359 802 duplo
1414 749 1470 784 ut
1520 738 1572 784 in
1624 735 1716 784 illo
1753 735 1954 800 longio-

412 846 512 886 res,
552 824 869 891 pallidiores:
906 822 1136 869 bracteae
1173 821 1224 866 in
1259 821 1484 886 utrisque
1509 822 1597 868 vix
1622 820 1954 885 conspicuae,

410 924 452 959 ct
479 911 743 969 [erramina
775 922 1104 971 1-2-sper1na:
1131 905 1331 952 semina.
1358 904 1530 951 badia:
1563 905 1760 966 calyces
1783 903 1954 969 quoad

411 994 783 1061 pubescentiam
833 990 1086 1056 sequentis
1122 989 1279 1054 magis
1316 987 1503 1036 similes
1532 1026 1545 1047 ,
1599 985 1685 1035 sed
1723 985 1957 1035 dentibus

411 1074 613 1124 abunde
650 1072 856 1121 diversi.

279 1167 356 1229 39.
403 1165 456 1209 T.
492 1171 916 1208 ToMENTOSUM.
952 1155 1077 1202 Lz‘tz.
1110 1171 1185 1218 sp.
1212 1153 1285 1218 pl.
1323 1153 1463 1201 1086

343 1247 402 1294 T.
439 1243 585 1292 caule
620 1240 1022 1308 patule-ramoso
1046 1276 1059 1299 ,
1097 1237 1287 1285 foliolis
1325 1248 1499 1304 argute
1535 1235 1794 1284 serrulatis
1831 1235 1955 1282 obo-

409 1332 537 1378 vatis
587 1328 772 1377 infimis
808 1327 1094 1376 obcordatis
1123 1365 1135 1387 ,
1189 1325 1389 1392 stipulis
1437 1324 1591 1372 breve
1637 1321 1956 1370 lanceolato-

408 1418 660 1479 caudatis,
700 1416 1006 1485 pedunculis
1031 1415 1155 1464 folio
1179 1413 1526 1473 brevioribus,
1563 1408 1803 1476 capitulis
1837 1407 1956 1474 glo-

410 1505 564 1563 bosis,
604 1502 865 1568 calicibus
899 1499 1167 1549 fructiferis
1190 1495 1714 1555 tomentoso—lanatis,
1754 1493 1956 1541 laciniis

409 1591 601 1641 corolla
625 1591 790 1658 (saepe
813 1587 1124 1656 resupinata)
1149 1586 1560 1636 subbrevioribus
1576 1623 1589 1645 ,
1618 1583 1815 1631 duabus
1841 1580 1953 1628 lon-
1988 1586 1992 1592 '

407 1680 629 1743 gioribus
653 1678 852 1726 setaceis
875 1687 1096 1724 tomento
1119 1673 1386 1723 occultatis
1412 1672 1615 1720 demum
1641 1669 1953 1718 divaricatis,

410 1765 470 1811 T.
506 1761 794 1829 frngiferum
821 1799 834 1822 ,
887 1772 1235 1808 tomentosum.
1287 1763 1418 1823 Cup.
1455 1761 1527 1807 IJ.
1571 1755 1723 1804 Callc.
1748 1772 1808 1819 J).
1846 1767 1955 1819 217.

410 1861 454 1896 ct
492 1867 551 1896 ex
586 1866 734 1912 supp.
769 1847 855 1894 all.
882 1865 940 1911 p.
966 1863 1070 1911 90,

406 1937 466 1982 T.
501 1932 794 2000 glomerulis
819 1931 883 1980 ad
910 1931 1138 1979 caulium
1163 1930 1348 1990 nodos,
1386 1928 1535 1996 fragis
1573 1926 1852 1986 similibus,
1891 1943 1952 1974 ex

408 2018 843 2082 atro-purpureis,
882 2028 1104 2064 tomento
1142 2014 1546 2063 candicantibus.
1590 2014 1720 2076 Cup.
1757 2011 1787 2058 l.
1821 2029 1864 2058 e.

342 2106 405 2151 lc.
449 2102 525 2148 lr'l.
561 2101 649 2147 sle.
685 2111 716 2148 l.
753 2099 937 2161 414'.f
973 2115 1019 2148 2.

405 2190 465 2237 T.
499 2187 792 2254 glomerulis
831 2186 1142 2246 tomentosis,
1182 2203 1268 2253 per
1294 2183 1524 2232 caulium
1559 2180 1951 2249 longitudinem.

412 2276 582 2323 Bacch.
617 2275 730 2322 letis-l.
773 2289 820 2321 2.
845 2293 901 2339 J)-
939 2274 1058 2339 379.

342 2368 394 2412 ln
435 2365 622 2432 campis
653 2402 665 2425 ,
703 2376 751 2412 et
788 2366 841 2411 in
879 2362 1099 2411 collibus
1137 2362 1292 2410 aridis
1328 2361 1533 2428 ubique.

341 2449 539 2514 Aprili,
578 2448 730 2514 Maj0.
777 2455 830 2507 Θ

339 2536 561 2585 Habitus
596 2535 1042 2603 praecedentium,
1101 2535 1188 2584 sed
1231 2533 1512 2583 bracteolae
1562 2533 1614 2579 in
1651 2532 1746 2579 hoc
1790 2534 1948 2598 magis

403 2621 728 2685 conspicuae,
767 2619 1036 2668 distinctae
1073 2618 1158 2667 vel
1196 2628 1464 2666 connatae:
1501 2615 1694 2678 calycz's
1731 2614 1947 2662 laciniae

407 2702 535 2749 duae
559 2702 805 2770 longiores
832 2705 898 2751 ita
923 2705 1128 2764 breves,
1168 2715 1225 2750 ut
1248 2703 1370 2768 quia
1395 2711 1615 2748 tomento
1640 2698 1943 2757 occultatae,

405 2809 434 2838 a
483 2791 742 2840 nonnullis
792 2792 1087 2841 obliteratae
1141 2791 1305 2840 dictae
1365 2790 1554 2838 fuerint
1612 2786 1851 2855 (lslsc'llcl.
1899 2801 1949 2836 et

415 2880 564 2926 Loisl.
587 2878 641 2944 ):
691 2883 905 2931 corollae
943 2882 1108 2931 dilute
1147 2891 1563 2948 purpurascentes
1592 2916 1605 2939 ,
1660 2877 1945 2945 aliquando

407 2967 578 3027 albae,
620 2986 716 3015 non
753 2968 917 3018 luteae
960 2968 1196 3037 (Deff)
1225 3007 1238 3030 ,
1291 2986 1476 3035 parvae
1506 3007 1518 3028 ‚
1569 2984 1712 3034 saepe
1749 2964 1945 3015 vexillo

409 3068 602 3102 tantum
627 3074 687 3103 ex
711 3068 929 3106 tomento
954 3059 1129 3109 albido
1155 3058 1345 3127 calycis
1371 3068 1670 3124 emergente:
1711 3054 1943 3121 capitula

403 3139 684 3206 aliquando
720 3141 919 3191 sessilia.
