<?xml version="1.0" encoding="UTF-8"?>
<!DOCTYPE html PUBLIC "-//W3C//DTD XHTML 1.0 Transitional//EN"
    "http://www.w3.org/TR/xhtml1/DTD/xhtml1-transitional.dtd">
<html xmlns="http://www.w3.org/1999/xhtml" xml:lang="en" lang="en">
 <head>
  <title>
</title>
<meta http-equiv="Content-Type" content="text/html;charset=utf-8" />
  <meta name='ocr-system' content='tesseract 3.04.00' />
  <meta name='ocr-capabilities' content='ocr_page ocr_carea ocr_par ocr_line ocrx_word'/>
</head>
<body>
  <div class='ocr_page' id='page_1' title='image "./floraesiculaepro02guss_0614.png"; bbox 0 0 2179 3516; ppageno 0'>
   <div class='ocr_carea' id='block_1_1' title="bbox 371 221 1456 287">
    <p class='ocr_par' dir='ltr' id='par_1_1' title="bbox 371 221 1456 287">
     <span class='ocr_line' id='line_1_1' title="bbox 371 221 1456 287; baseline -0.007 -21"><span class='ocrx_word' id='word_1_1' title='bbox 371 221 463 287; x_wconf 83' lang='lat'>576</span> <span class='ocrx_word' id='word_1_2' title='bbox 815 225 1456 265; x_wconf 59' lang='lat' dir='ltr'>DIADELPm,x-DECANDRIA.</span> 
     </span>
    </p>
   </div>
   <div class='ocr_carea' id='block_1_2' title="bbox 304 318 1992 3149">
    <p class='ocr_par' dir='ltr' id='par_1_2' title="bbox 437 318 1989 653">
     <span class='ocr_line' id='line_1_2' title="bbox 440 318 1984 390; baseline -0.007 -10"><span class='ocrx_word' id='word_1_3' title='bbox 440 329 677 380; x_wconf 83' lang='lat' dir='ltr'>inferiora</span> <span class='ocrx_word' id='word_1_4' title='bbox 727 329 1191 379; x_wconf 78' lang='lat' dir='ltr'>obovato-cuneata</span> <span class='ocrx_word' id='word_1_5' title='bbox 1220 360 1234 384; x_wconf 85' lang='lat'>‚</span> <span class='ocrx_word' id='word_1_6' title='bbox 1293 321 1552 390; x_wconf 82' lang='lat' dir='ltr'>superiora</span> <span class='ocrx_word' id='word_1_7' title='bbox 1600 318 1984 370; x_wconf 81' lang='lat' dir='ltr'>deltoideo-cu-</span> 
     </span>
     <span class='ocr_line' id='line_1_3' title="bbox 439 408 1986 482; baseline -0.008 -14"><span class='ocrx_word' id='word_1_8' title='bbox 439 431 624 468; x_wconf 82' lang='lat' dir='ltr'>neata:</span> <span class='ocrx_word' id='word_1_9' title='bbox 661 418 927 482; x_wconf 73' lang='lat' dir='ltr'>legumina</span> <span class='ocrx_word' id='word_1_10' title='bbox 966 412 1032 460; x_wconf 89' lang='lat' dir='ltr'>ad</span> <span class='ocrx_word' id='word_1_11' title='bbox 1068 410 1217 458; x_wconf 85' lang='lat' dir='ltr'>facies</span> <span class='ocrx_word' id='word_1_12' title='bbox 1252 426 1494 472; x_wconf 71' lang='lat' dir='ltr'>nervosa,</span> <span class='ocrx_word' id='word_1_13' title='bbox 1531 419 1708 457; x_wconf 86' lang='lat' dir='ltr'>sutura</span> <span class='ocrx_word' id='word_1_14' title='bbox 1741 408 1986 457; x_wconf 77' lang='lat' dir='ltr'>exteriore</span> 
     </span>
     <span class='ocr_line' id='line_1_4' title="bbox 437 488 1989 559; baseline -0.008 -8"><span class='ocrx_word' id='word_1_15' title='bbox 437 516 585 552; x_wconf 90' lang='lat' dir='ltr'>acuta</span> <span class='ocrx_word' id='word_1_16' title='bbox 646 521 747 549; x_wconf 77' lang='lat' dir='ltr'>nou</span> <span class='ocrx_word' id='word_1_17' title='bbox 798 518 917 548; x_wconf 59' lang='lat' dir='ltr'>vero</span> <span class='ocrx_word' id='word_1_18' title='bbox 972 511 1240 551; x_wconf 80' lang='lat' dir='ltr'>convexa,</span> <span class='ocrx_word' id='word_1_19' title='bbox 1302 488 1359 540; x_wconf 82' lang='lat' dir='ltr'>ut</span> <span class='ocrx_word' id='word_1_20' title='bbox 1406 495 1459 540; x_wconf 87' lang='lat' dir='ltr'>in</span> <span class='ocrx_word' id='word_1_21' title='bbox 1509 490 1881 559; x_wconf 87' lang='lat' dir='ltr'>praecedente,</span> <span class='ocrx_word' id='word_1_22' title='bbox 1940 502 1989 541; x_wconf 87' lang='lat' dir='ltr'>et</span> 
     </span>
     <span class='ocr_line' id='line_1_5' title="bbox 440 574 1741 653; baseline -0.012 -17"><span class='ocrx_word' id='word_1_23' title='bbox 440 590 620 653; x_wconf 75' lang='lat' dir='ltr'>spinae</span> <span class='ocrx_word' id='word_1_24' title='bbox 658 585 905 650; x_wconf 70' lang='lat' dir='ltr'>longiores</span> <span class='ocrx_word' id='word_1_25' title='bbox 940 596 1096 645; x_wconf 83' lang='lat' dir='ltr'>quam</span> <span class='ocrx_word' id='word_1_26' title='bbox 1135 579 1188 623; x_wconf 91' lang='lat' dir='ltr'>in</span> <span class='ocrx_word' id='word_1_27' title='bbox 1227 574 1321 622; x_wconf 88' lang='lat' dir='ltr'>illa</span> <span class='ocrx_word' id='word_1_28' title='bbox 1357 591 1415 623; x_wconf 89' lang='lat' dir='ltr'>ac</span> <span class='ocrx_word' id='word_1_29' title='bbox 1453 574 1741 622; x_wconf 86' lang='lat' dir='ltr'>crebriores.</span> 
     </span>
    </p>

    <p class='ocr_par' dir='ltr' id='par_1_3' title="bbox 304 656 1987 825">
     <span class='ocr_line' id='line_1_6' title="bbox 304 656 1987 723; baseline -0.01 -1"><span class='ocrx_word' id='word_1_30' title='bbox 304 673 385 722; x_wconf 83' lang='lat'>30.</span> <span class='ocrx_word' id='word_1_31' title='bbox 431 673 511 720; x_wconf 86' lang='lat' dir='ltr'>M.</span> <span class='ocrx_word' id='word_1_32' title='bbox 564 682 886 718; x_wconf 60' lang='lat' dir='ltr'>LJTORAJJS.</span> <span class='ocrx_word' id='word_1_33' title='bbox 935 658 1122 710; x_wconf 72' lang='lat' dir='ltr'>Illzocle</span> <span class='ocrx_word' id='word_1_34' title='bbox 1171 660 1226 706; x_wconf 90' lang='lat' dir='ltr'>in</span> <span class='ocrx_word' id='word_1_35' title='bbox 1271 660 1412 706; x_wconf 79' lang='lat' dir='ltr'>Loz&#39;S.</span> <span class='ocrx_word' id='word_1_36' title='bbox 1464 668 1563 706; x_wconf 80' lang='lat' dir='ltr'>not.</span> <span class='ocrx_word' id='word_1_37' title='bbox 1601 676 1661 723; x_wconf 79' lang='lat' dir='ltr'>p.</span> <span class='ocrx_word' id='word_1_38' title='bbox 1698 656 1802 705; x_wconf 78' lang='lat'>118.</span> <span class='ocrx_word' id='word_1_39' title='bbox 1848 659 1987 707; x_wconf 86' lang='lat' dir='ltr'>Dec.</span> 
     </span>
     <span class='ocr_line' id='line_1_7' title="bbox 429 745 1577 825; baseline -0.01 -20"><span class='ocrx_word' id='word_1_40' title='bbox 429 777 512 825; x_wconf 80' lang='lat' dir='ltr'>pr.</span> <span class='ocrx_word' id='word_1_41' title='bbox 549 776 585 804; x_wconf 84' lang='lat' dir='ltr'>s.</span> <span class='ocrx_word' id='word_1_42' title='bbox 621 764 723 802; x_wconf 76' lang='lat' dir='ltr'>nal.</span> <span class='ocrx_word' id='word_1_43' title='bbox 762 767 807 799; x_wconf 74' lang='lat'>2.</span> <span class='ocrx_word' id='word_1_44' title='bbox 839 770 895 815; x_wconf 76' lang='lat' dir='ltr'>J).</span> <span class='ocrx_word' id='word_1_45' title='bbox 935 766 1045 814; x_wconf 66' lang='grc'>17],</span> <span class='ocrx_word' id='word_1_46' title='bbox 1083 764 1147 795; x_wconf 76' lang='lat' dir='ltr'>ex</span> <span class='ocrx_word' id='word_1_47' title='bbox 1183 745 1292 812; x_wconf 84' lang='lat' dir='ltr'>ejus</span> <span class='ocrx_word' id='word_1_48' title='bbox 1328 747 1577 794; x_wconf 81' lang='lat' dir='ltr'>herbario.</span> 
     </span>
    </p>

    <p class='ocr_par' dir='ltr' id='par_1_4' title="bbox 376 825 1990 1406">
     <span class='ocr_line' id='line_1_8' title="bbox 376 825 1986 897; baseline -0.009 -8"><span class='ocrx_word' id='word_1_49' title='bbox 376 843 441 890; x_wconf 84' lang='lat' dir='ltr'>M.</span> <span class='ocrx_word' id='word_1_50' title='bbox 506 839 690 886; x_wconf 76' lang='lat' dir='ltr'>villosa</span> <span class='ocrx_word' id='word_1_51' title='bbox 721 874 733 895; x_wconf 85' lang='lat'>,</span> <span class='ocrx_word' id='word_1_52' title='bbox 796 832 987 882; x_wconf 74' lang='lat' dir='ltr'>foliolis</span> <span class='ocrx_word' id='word_1_53' title='bbox 1046 830 1278 880; x_wconf 79' lang='lat' dir='ltr'>obovatis</span> <span class='ocrx_word' id='word_1_54' title='bbox 1307 868 1321 892; x_wconf 92' lang='lat'>,</span> <span class='ocrx_word' id='word_1_55' title='bbox 1380 829 1584 897; x_wconf 84' lang='lat' dir='ltr'>stipulis</span> <span class='ocrx_word' id='word_1_56' title='bbox 1643 825 1986 876; x_wconf 87' lang='lat' dir='ltr'>ciliato-den-</span> 
     </span>
     <span class='ocr_line' id='line_1_9' title="bbox 444 912 1986 987; baseline -0.008 -15"><span class='ocrx_word' id='word_1_57' title='bbox 444 925 596 982; x_wconf 77' lang='lat' dir='ltr'>tatis,</span> <span class='ocrx_word' id='word_1_58' title='bbox 657 916 964 987; x_wconf 81' lang='lat' dir='ltr'>pedunculis</span> <span class='ocrx_word' id='word_1_59' title='bbox 1017 913 1333 964; x_wconf 78' lang='lat' dir='ltr'>l—ss-ssoris</span> <span class='ocrx_word' id='word_1_60' title='bbox 1388 914 1515 962; x_wconf 89' lang='lat' dir='ltr'>solio</span> <span class='ocrx_word' id='word_1_61' title='bbox 1572 912 1986 981; x_wconf 84' lang='lat' dir='ltr'>sublongioribus</span> 
     </span>
     <span class='ocr_line' id='line_1_10' title="bbox 436 1003 1990 1080; baseline -0.007 -19"><span class='ocrx_word' id='word_1_62' title='bbox 436 1010 781 1080; x_wconf 83' lang='lat' dir='ltr'>leguminibus</span> <span class='ocrx_word' id='word_1_63' title='bbox 817 1007 1041 1075; x_wconf 79' lang='lat' dir='ltr'>glabris,</span> <span class='ocrx_word' id='word_1_64' title='bbox 1092 1004 1286 1054; x_wconf 91' lang='lat' dir='ltr'>adultis</span> <span class='ocrx_word' id='word_1_65' title='bbox 1320 1006 1567 1072; x_wconf 80' lang='lat' dir='ltr'>utrinque</span> <span class='ocrx_word' id='word_1_66' title='bbox 1603 1003 1774 1070; x_wconf 89' lang='lat' dir='ltr'>planis</span> <span class='ocrx_word' id='word_1_67' title='bbox 1813 1003 1990 1071; x_wconf 81' lang='lat' dir='ltr'>cylin—</span> 
     </span>
     <span class='ocr_line' id='line_1_11' title="bbox 440 1086 1990 1161; baseline -0.006 -17"><span class='ocrx_word' id='word_1_68' title='bbox 440 1096 596 1144; x_wconf 87' lang='lat' dir='ltr'>dricis</span> <span class='ocrx_word' id='word_1_69' title='bbox 631 1092 863 1161; x_wconf 86' lang='lat' dir='ltr'>adpresse</span> <span class='ocrx_word' id='word_1_70' title='bbox 898 1089 1180 1139; x_wconf 88' lang='lat' dir='ltr'>cochleatis</span> <span class='ocrx_word' id='word_1_71' title='bbox 1216 1088 1496 1137; x_wconf 81' lang='lat' dir='ltr'>latitudine</span> <span class='ocrx_word' id='word_1_72' title='bbox 1534 1086 1866 1136; x_wconf 83' lang='lat' dir='ltr'>altitudinem</span> <span class='ocrx_word' id='word_1_73' title='bbox 1901 1105 1990 1135; x_wconf 91' lang='lat' dir='ltr'>su-</span> 
     </span>
     <span class='ocr_line' id='line_1_12' title="bbox 445 1173 1987 1250; baseline -0.006 -20"><span class='ocrx_word' id='word_1_74' title='bbox 445 1194 676 1250; x_wconf 80' lang='lat' dir='ltr'>perante,</span> <span class='ocrx_word' id='word_1_75' title='bbox 716 1191 893 1228; x_wconf 84' lang='lat' dir='ltr'>sutura</span> <span class='ocrx_word' id='word_1_76' title='bbox 929 1178 1170 1227; x_wconf 82' lang='lat' dir='ltr'>exteriore</span> <span class='ocrx_word' id='word_1_77' title='bbox 1204 1176 1311 1224; x_wconf 84' lang='lat' dir='ltr'>lata</span> <span class='ocrx_word' id='word_1_78' title='bbox 1348 1177 1575 1223; x_wconf 87' lang='lat' dir='ltr'>carinata</span> <span class='ocrx_word' id='word_1_79' title='bbox 1611 1175 1842 1242; x_wconf 88' lang='lat' dir='ltr'>spinosa,</span> <span class='ocrx_word' id='word_1_80' title='bbox 1881 1173 1987 1240; x_wconf 90' lang='lat' dir='ltr'>spi-</span> 
     </span>
     <span class='ocr_line' id='line_1_13' title="bbox 440 1262 1989 1339; baseline -0.005 -19"><span class='ocrx_word' id='word_1_81' title='bbox 440 1274 515 1320; x_wconf 84' lang='lat' dir='ltr'>nis</span> <span class='ocrx_word' id='word_1_82' title='bbox 555 1271 605 1339; x_wconf 93' lang='lat'>(1</span> <span class='ocrx_word' id='word_1_83' title='bbox 638 1271 655 1326; x_wconf 61' lang='lat'>3</span> <span class='ocrx_word' id='word_1_84' title='bbox 682 1269 774 1318; x_wconf 87' lang='lat' dir='ltr'>lin.</span> <span class='ocrx_word' id='word_1_85' title='bbox 810 1267 1009 1337; x_wconf 86' lang='lat' dir='ltr'>longis)</span> <span class='ocrx_word' id='word_1_86' title='bbox 1046 1268 1338 1337; x_wconf 88' lang='lat' dir='ltr'>patentibus</span> <span class='ocrx_word' id='word_1_87' title='bbox 1361 1265 1449 1316; x_wconf 84' lang='lat' dir='ltr'>vel</span> <span class='ocrx_word' id='word_1_88' title='bbox 1472 1263 1812 1332; x_wconf 87' lang='lat' dir='ltr'>subadpressis</span> <span class='ocrx_word' id='word_1_89' title='bbox 1847 1262 1989 1331; x_wconf 88' lang='lat' dir='ltr'>apice</span> 
     </span>
     <span class='ocr_line' id='line_1_14' title="bbox 435 1359 678 1406; baseline 0 0"><span class='ocrx_word' id='word_1_90' title='bbox 435 1359 678 1406; x_wconf 76' lang='lat' dir='ltr'>incurvis.</span> 
     </span>
    </p>

    <p class='ocr_par' dir='ltr' id='par_1_5' title="bbox 369 1437 1066 1501">
     <span class='ocr_line' id='line_1_15' title="bbox 369 1437 1066 1501; baseline -0.007 -10"><span class='ocrx_word' id='word_1_91' title='bbox 369 1444 436 1491; x_wconf 88' lang='lat' dir='ltr'>Ic.</span> <span class='ocrx_word' id='word_1_92' title='bbox 472 1443 556 1490; x_wconf 87' lang='lat' dir='ltr'>Fl.</span> <span class='ocrx_word' id='word_1_93' title='bbox 592 1442 681 1489; x_wconf 77' lang='lat' dir='ltr'>sic.</span> <span class='ocrx_word' id='word_1_94' title='bbox 715 1449 747 1489; x_wconf 82' lang='lat' dir='ltr'>t.</span> <span class='ocrx_word' id='word_1_95' title='bbox 787 1437 982 1501; x_wconf 69' lang='lat' dir='ltr'>430.fi</span> <span class='ocrx_word' id='word_1_96' title='bbox 1021 1453 1066 1486; x_wconf 79' lang='lat'>2.</span> 
     </span>
    </p>

    <p class='ocr_par' dir='ltr' id='par_1_6' title="bbox 369 1531 923 1600">
     <span class='ocr_line' id='line_1_16' title="bbox 369 1531 923 1600; baseline 0 -19"><span class='ocrx_word' id='word_1_97' title='bbox 369 1533 412 1582; x_wconf 82' lang='lat' dir='ltr'>b.</span> <span class='ocrx_word' id='word_1_98' title='bbox 448 1532 649 1600; x_wconf 86' lang='lat' dir='ltr'>stipulis</span> <span class='ocrx_word' id='word_1_99' title='bbox 688 1531 923 1581; x_wconf 79' lang='lat' dir='ltr'>dentatis.</span> 
     </span>
    </p>

    <p class='ocr_par' dir='ltr' id='par_1_7' title="bbox 369 1609 1986 1754">
     <span class='ocr_line' id='line_1_17' title="bbox 369 1609 1986 1685; baseline -0.006 -18"><span class='ocrx_word' id='word_1_100' title='bbox 369 1623 434 1669; x_wconf 84' lang='lat' dir='ltr'>lc.</span> <span class='ocrx_word' id='word_1_101' title='bbox 460 1623 526 1671; x_wconf 85' lang='lat' dir='ltr'>M.</span> <span class='ocrx_word' id='word_1_102' title='bbox 551 1620 747 1666; x_wconf 86' lang='lat' dir='ltr'>hirsuta</span> <span class='ocrx_word' id='word_1_103' title='bbox 770 1618 964 1668; x_wconf 85' lang='lat' dir='ltr'>echinis</span> <span class='ocrx_word' id='word_1_104' title='bbox 987 1617 1331 1685; x_wconf 83' lang='lat' dir='ltr'>rigidioribus.</span> <span class='ocrx_word' id='word_1_105' title='bbox 1355 1615 1533 1665; x_wconf 72' lang='lat' dir='ltr'>Bacch.</span> <span class='ocrx_word' id='word_1_106' title='bbox 1559 1614 1673 1662; x_wconf 72' lang='lat' dir='ltr'>hist.</span> <span class='ocrx_word' id='word_1_107' title='bbox 1697 1627 1746 1662; x_wconf 76' lang='lat'>2.</span> <span class='ocrx_word' id='word_1_108' title='bbox 1759 1630 1818 1678; x_wconf 77' lang='lat' dir='ltr'>p.</span> <span class='ocrx_word' id='word_1_109' title='bbox 1841 1609 1986 1659; x_wconf 75' lang='lat'><em>358?</em></span> 
     </span>
     <span class='ocr_line' id='line_1_18' title="bbox 438 1707 665 1754; baseline 0.013 -3"><span class='ocrx_word' id='word_1_110' title='bbox 438 1722 498 1752; x_wconf 76' lang='lat' dir='ltr'>ex</span> <span class='ocrx_word' id='word_1_111' title='bbox 532 1707 665 1754; x_wconf 83' lang='lat' dir='ltr'>Dee.</span> 
     </span>
    </p>

    <p class='ocr_par' dir='ltr' id='par_1_8' title="bbox 369 1788 1045 1838">
     <span class='ocr_line' id='line_1_19' title="bbox 369 1788 1045 1838; baseline -0.001 0"><span class='ocrx_word' id='word_1_112' title='bbox 369 1791 437 1838; x_wconf 90' lang='lat' dir='ltr'>Ie.</span> <span class='ocrx_word' id='word_1_113' title='bbox 469 1788 727 1838; x_wconf 61' lang='lat' dir='ltr'>brevi-seta.</span> <span class='ocrx_word' id='word_1_114' title='bbox 764 1791 897 1837; x_wconf 85' lang='lat' dir='ltr'>Dee.</span> <span class='ocrx_word' id='word_1_115' title='bbox 933 1789 963 1836; x_wconf 85' lang='lat' dir='ltr'>l.</span> <span class='ocrx_word' id='word_1_116' title='bbox 1002 1806 1045 1837; x_wconf 82' lang='lat' dir='ltr'>o.</span> 
     </span>
    </p>

    <p class='ocr_par' dir='ltr' id='par_1_9' title="bbox 438 1874 1850 1945">
     <span class='ocr_line' id='line_1_20' title="bbox 438 1874 1850 1945; baseline -0.008 -15"><span class='ocrx_word' id='word_1_117' title='bbox 438 1879 781 1945; x_wconf 83' lang='lat' dir='ltr'>Leguminum</span> <span class='ocrx_word' id='word_1_118' title='bbox 817 1878 973 1944; x_wconf 84' lang='lat' dir='ltr'>spinis</span> <span class='ocrx_word' id='word_1_119' title='bbox 1011 1879 1103 1926; x_wconf 75' lang='lat' dir='ltr'>vix</span> <span class='ocrx_word' id='word_1_120' title='bbox 1138 1876 1233 1926; x_wconf 89' lang='lat' dir='ltr'>lin.</span> <span class='ocrx_word' id='word_1_121' title='bbox 1272 1876 1440 1945; x_wconf 84' lang='lat' dir='ltr'>longis</span> <span class='ocrx_word' id='word_1_122' title='bbox 1474 1886 1523 1924; x_wconf 84' lang='lat' dir='ltr'>et</span> <span class='ocrx_word' id='word_1_123' title='bbox 1555 1874 1850 1923; x_wconf 88' lang='lat' dir='ltr'>rarioribus.</span> 
     </span>
    </p>

    <p class='ocr_par' dir='ltr' id='par_1_10' title="bbox 369 1965 1070 2027">
     <span class='ocr_line' id='line_1_21' title="bbox 369 1965 1070 2027; baseline -0.006 -10"><span class='ocrx_word' id='word_1_124' title='bbox 369 1973 436 2018; x_wconf 88' lang='lat' dir='ltr'>le.</span> <span class='ocrx_word' id='word_1_125' title='bbox 474 1969 557 2016; x_wconf 87' lang='lat' dir='ltr'>Fl.</span> <span class='ocrx_word' id='word_1_126' title='bbox 591 1969 679 2017; x_wconf 75' lang='lat' dir='ltr'>sie.</span> <span class='ocrx_word' id='word_1_127' title='bbox 716 1977 749 2016; x_wconf 80' lang='lat' dir='ltr'>t.</span> <span class='ocrx_word' id='word_1_128' title='bbox 786 1969 907 2024; x_wconf 64' lang='lat'>430.</span> <span class='ocrx_word' id='word_1_129' title='bbox 929 1965 980 2027; x_wconf 84' lang='lat' dir='ltr'><em>s</em></span> <span class='ocrx_word' id='word_1_130' title='bbox 1018 1968 1070 2014; x_wconf 72' lang='lat'>3.</span> 
     </span>
    </p>

    <p class='ocr_par' dir='ltr' id='par_1_11' title="bbox 367 2050 1983 2205">
     <span class='ocr_line' id='line_1_22' title="bbox 367 2050 1983 2120; baseline -0.006 -14"><span class='ocrx_word' id='word_1_131' title='bbox 367 2059 428 2107; x_wconf 88' lang='lat' dir='ltr'>In</span> <span class='ocrx_word' id='word_1_132' title='bbox 478 2054 694 2103; x_wconf 79' lang='lat' dir='ltr'>arenosis</span> <span class='ocrx_word' id='word_1_133' title='bbox 746 2053 1018 2102; x_wconf 80' lang='lat' dir='ltr'>maritimis</span> <span class='ocrx_word' id='word_1_134' title='bbox 1065 2052 1286 2120; x_wconf 79' lang='lat' dir='ltr'>ubique:</span> <span class='ocrx_word' id='word_1_135' title='bbox 1334 2069 1441 2102; x_wconf 83' lang='lat' dir='ltr'>var.</span> <span class='ocrx_word' id='word_1_136' title='bbox 1476 2051 1521 2101; x_wconf 75' lang='lat' dir='ltr'>b.</span> <span class='ocrx_word' id='word_1_137' title='bbox 1558 2063 1608 2099; x_wconf 85' lang='lat' dir='ltr'>et</span> <span class='ocrx_word' id='word_1_138' title='bbox 1643 2067 1684 2099; x_wconf 89' lang='lat' dir='ltr'>e.</span> <span class='ocrx_word' id='word_1_139' title='bbox 1723 2050 1942 2098; x_wconf 82' lang='lat' dir='ltr'>Seiaeca</span> <span class='ocrx_word' id='word_1_140' title='bbox 1965 2086 1983 2106; x_wconf 78' lang='lat'>,</span> 
     </span>
     <span class='ocr_line' id='line_1_23' title="bbox 448 2138 1879 2205; baseline -0.004 -16"><span class='ocrx_word' id='word_1_141' title='bbox 448 2140 707 2205; x_wconf 76' lang='lat' dir='ltr'>Trapcmi,</span> <span class='ocrx_word' id='word_1_142' title='bbox 757 2139 1004 2194; x_wconf 73' lang='lat' dir='ltr'>Catccm&#39;a,</span> <span class='ocrx_word' id='word_1_143' title='bbox 1041 2138 1290 2188; x_wconf 72' lang='lat' dir='ltr'>Messma.</span> <span class='ocrx_word' id='word_1_144' title='bbox 1876 2142 1879 2145; x_wconf 82' lang='lat'>&#39;</span> 
     </span>
    </p>

    <p class='ocr_par' dir='ltr' id='par_1_12' title="bbox 372 2223 865 2293">
     <span class='ocr_line' id='line_1_24' title="bbox 372 2223 865 2293; baseline -0.01 -16"><span class='ocrx_word' id='word_1_145' title='bbox 372 2225 575 2293; x_wconf 82' lang='lat' dir='ltr'>Aprili,</span> <span class='ocrx_word' id='word_1_146' title='bbox 614 2223 768 2290; x_wconf 84' lang='lat' dir='ltr'>Majo.</span> <span class='ocrx_word' id='word_1_147' title='bbox 812 2231 865 2282; x_wconf 75' lang='grc' dir='ltr'>Θ</span> 
     </span>
    </p>

    <p class='ocr_par' dir='ltr' id='par_1_13' title="bbox 380 2304 1992 3149">
     <span class='ocr_line' id='line_1_25' title="bbox 380 2304 1988 2377; baseline -0.003 -19"><span class='ocrx_word' id='word_1_148' title='bbox 380 2311 561 2360; x_wconf 66' lang='lat' dir='ltr'>Caedes</span> <span class='ocrx_word' id='word_1_149' title='bbox 587 2308 787 2371; x_wconf 84' lang='lat' dir='ltr'>diffusi,</span> <span class='ocrx_word' id='word_1_150' title='bbox 827 2307 1048 2358; x_wconf 87' lang='lat' dir='ltr'>obsolete</span> <span class='ocrx_word' id='word_1_151' title='bbox 1073 2309 1333 2377; x_wconf 83' lang='lat' dir='ltr'>angulati,</span> <span class='ocrx_word' id='word_1_152' title='bbox 1360 2307 1732 2358; x_wconf 80' lang='lat' dir='ltr'>villosiusculi:</span> <span class='ocrx_word' id='word_1_153' title='bbox 1768 2304 1988 2371; x_wconf 79' lang='lat' dir='ltr'>stipulae</span> 
     </span>
     <span class='ocr_line' id='line_1_26' title="bbox 447 2389 1992 2460; baseline -0.005 -17"><span class='ocrx_word' id='word_1_154' title='bbox 447 2396 500 2443; x_wconf 90' lang='lat' dir='ltr'>in</span> <span class='ocrx_word' id='word_1_155' title='bbox 535 2392 726 2460; x_wconf 80' lang='lat' dir='ltr'>plantis</span> <span class='ocrx_word' id='word_1_156' title='bbox 767 2392 942 2442; x_wconf 90' lang='lat' dir='ltr'>siculis</span> <span class='ocrx_word' id='word_1_157' title='bbox 986 2391 1470 2441; x_wconf 77' lang='lat' dir='ltr'>ciliato-dentatae:</span> <span class='ocrx_word' id='word_1_158' title='bbox 1515 2389 1706 2453; x_wconf 70' lang='lat' dir='ltr'>foliola.</span> <span class='ocrx_word' id='word_1_159' title='bbox 1752 2389 1992 2438; x_wconf 89' lang='lat' dir='ltr'>inferiora</span> 
     </span>
     <span class='ocr_line' id='line_1_27' title="bbox 442 2478 1990 2544; baseline -0.004 -15"><span class='ocrx_word' id='word_1_160' title='bbox 442 2480 681 2544; x_wconf 80' lang='lat' dir='ltr'>obovata3</span> <span class='ocrx_word' id='word_1_161' title='bbox 717 2478 887 2529; x_wconf 92' lang='lat' dir='ltr'>media</span> <span class='ocrx_word' id='word_1_162' title='bbox 923 2489 1158 2540; x_wconf 86' lang='lat' dir='ltr'>cuneata,</span> <span class='ocrx_word' id='word_1_163' title='bbox 1197 2478 1550 2542; x_wconf 82' lang='lat' dir='ltr'>subtruncata3</span> <span class='ocrx_word' id='word_1_164' title='bbox 1587 2493 1822 2544; x_wconf 81' lang='lat' dir='ltr'>suprema</span> <span class='ocrx_word' id='word_1_165' title='bbox 1846 2492 1990 2542; x_wconf 89' lang='lat' dir='ltr'>saepe</span> 
     </span>
     <span class='ocr_line' id='line_1_28' title="bbox 444 2561 1989 2632; baseline -0.003 -19"><span class='ocrx_word' id='word_1_166' title='bbox 444 2565 911 2632; x_wconf 82' lang='lat' dir='ltr'>oblongo-cuneata</span> <span class='ocrx_word' id='word_1_167' title='bbox 932 2601 946 2624; x_wconf 90' lang='lat'>,</span> <span class='ocrx_word' id='word_1_168' title='bbox 985 2563 1130 2630; x_wconf 88' lang='lat' dir='ltr'>apice</span> <span class='ocrx_word' id='word_1_169' title='bbox 1168 2574 1316 2611; x_wconf 84' lang='lat' dir='ltr'>acute</span> <span class='ocrx_word' id='word_1_170' title='bbox 1354 2561 1674 2611; x_wconf 86' lang='lat' dir='ltr'>denticulata</span> <span class='ocrx_word' id='word_1_171' title='bbox 1698 2600 1712 2623; x_wconf 85' lang='lat'><em>‚</em></span> <span class='ocrx_word' id='word_1_172' title='bbox 1750 2577 1989 2623; x_wconf 81' lang='lat' dir='ltr'>nervosa,</span> 
     </span>
     <span class='ocr_line' id='line_1_29' title="bbox 443 2646 1989 2715; baseline -0.003 -16"><span class='ocrx_word' id='word_1_173' title='bbox 443 2650 646 2715; x_wconf 89' lang='lat' dir='ltr'>juniora</span> <span class='ocrx_word' id='word_1_174' title='bbox 682 2649 782 2698; x_wconf 88' lang='lat' dir='ltr'>sere</span> <span class='ocrx_word' id='word_1_175' title='bbox 819 2651 1170 2698; x_wconf 81' lang='lat' dir='ltr'>canescentia:</span> <span class='ocrx_word' id='word_1_176' title='bbox 1208 2648 1398 2713; x_wconf 65' lang='grc' dir='ltr'>οαζγοιζς</span> <span class='ocrx_word' id='word_1_177' title='bbox 1433 2647 1652 2695; x_wconf 87' lang='lat' dir='ltr'>laciniae</span> <span class='ocrx_word' id='word_1_178' title='bbox 1687 2646 1789 2696; x_wconf 88' lang='lat' dir='ltr'>fere</span> <span class='ocrx_word' id='word_1_179' title='bbox 1824 2647 1989 2696; x_wconf 90' lang='lat' dir='ltr'>linea-</span> 
     </span>
     <span class='ocr_line' id='line_1_30' title="bbox 446 2730 1989 2800; baseline -0.002 -18"><span class='ocrx_word' id='word_1_180' title='bbox 446 2753 547 2796; x_wconf 88' lang='lat' dir='ltr'>res,</span> <span class='ocrx_word' id='word_1_181' title='bbox 586 2747 789 2783; x_wconf 84' lang='lat' dir='ltr'>acutae:</span> <span class='ocrx_word' id='word_1_182' title='bbox 827 2735 1096 2799; x_wconf 74' lang='lat' dir='ltr'>legumina</span> <span class='ocrx_word' id='word_1_183' title='bbox 1133 2735 1245 2784; x_wconf 81' lang='lat'>3-5-</span> <span class='ocrx_word' id='word_1_184' title='bbox 1261 2732 1438 2800; x_wconf 78' lang='lat' dir='ltr'>Cycla,</span> <span class='ocrx_word' id='word_1_185' title='bbox 1478 2731 1545 2780; x_wconf 91' lang='lat' dir='ltr'>ad</span> <span class='ocrx_word' id='word_1_186' title='bbox 1581 2731 1732 2781; x_wconf 86' lang='lat' dir='ltr'>facies</span> <span class='ocrx_word' id='word_1_187' title='bbox 1768 2730 1989 2781; x_wconf 85' lang='lat' dir='ltr'>obsolete</span> 
     </span>
     <span class='ocr_line' id='line_1_31' title="bbox 447 2817 1988 2882; baseline -0.003 -15"><span class='ocrx_word' id='word_1_188' title='bbox 447 2837 664 2882; x_wconf 81' lang='lat' dir='ltr'>vcnosa3</span> <span class='ocrx_word' id='word_1_189' title='bbox 708 2821 979 2868; x_wconf 80' lang='lat' dir='ltr'>immatura</span> <span class='ocrx_word' id='word_1_190' title='bbox 1017 2818 1133 2867; x_wconf 79' lang='lat' dir='ltr'>laxe</span> <span class='ocrx_word' id='word_1_191' title='bbox 1169 2817 1432 2867; x_wconf 86' lang='lat' dir='ltr'>cochleata</span> <span class='ocrx_word' id='word_1_192' title='bbox 1461 2855 1475 2879; x_wconf 90' lang='lat'>,</span> <span class='ocrx_word' id='word_1_193' title='bbox 1533 2829 1708 2866; x_wconf 78' lang='lat' dir='ltr'>sutura</span> <span class='ocrx_word' id='word_1_194' title='bbox 1743 2817 1988 2865; x_wconf 82' lang='lat' dir='ltr'>exteriore</span> 
     </span>
     <span class='ocr_line' id='line_1_32' title="bbox 448 2904 1989 2974; baseline 0.001 -23"><span class='ocrx_word' id='word_1_195' title='bbox 448 2916 568 2953; x_wconf 81' lang='lat' dir='ltr'>tuno</span> <span class='ocrx_word' id='word_1_196' title='bbox 592 2920 763 2969; x_wconf 87' lang='lat' dir='ltr'>acuta,</span> <span class='ocrx_word' id='word_1_197' title='bbox 802 2907 887 2957; x_wconf 89' lang='lat' dir='ltr'>sed</span> <span class='ocrx_word' id='word_1_198' title='bbox 927 2907 1137 2957; x_wconf 90' lang='lat' dir='ltr'>demum</span> <span class='ocrx_word' id='word_1_199' title='bbox 1168 2925 1354 2969; x_wconf 84' lang='lat' dir='ltr'>crassa,</span> <span class='ocrx_word' id='word_1_200' title='bbox 1391 2919 1439 2955; x_wconf 89' lang='lat' dir='ltr'>et</span> <span class='ocrx_word' id='word_1_201' title='bbox 1461 2907 1642 2974; x_wconf 89' lang='lat' dir='ltr'>plana:</span> <span class='ocrx_word' id='word_1_202' title='bbox 1679 2906 1859 2972; x_wconf 80' lang='lat' dir='ltr'>spinae</span> <span class='ocrx_word' id='word_1_203' title='bbox 1883 2904 1989 2970; x_wconf 84' lang='lat' dir='ltr'>jam</span> 
     </span>
     <span class='ocr_line' id='line_1_33' title="bbox 446 2992 1992 3064; baseline -0.001 -25"><span class='ocrx_word' id='word_1_204' title='bbox 446 2992 651 3041; x_wconf 76' lang='lat' dir='ltr'>adultae</span> <span class='ocrx_word' id='word_1_205' title='bbox 689 2996 916 3064; x_wconf 83' lang='lat' dir='ltr'>rigidae,</span> <span class='ocrx_word' id='word_1_206' title='bbox 967 2998 1072 3046; x_wconf 88' lang='lat' dir='ltr'>basi</span> <span class='ocrx_word' id='word_1_207' title='bbox 1110 2995 1508 3058; x_wconf 85' lang='lat' dir='ltr'>crassiuseulae,</span> <span class='ocrx_word' id='word_1_208' title='bbox 1559 3006 1634 3044; x_wconf 86' lang='lat' dir='ltr'>sat</span> <span class='ocrx_word' id='word_1_209' title='bbox 1667 3010 1781 3042; x_wconf 89' lang='lat' dir='ltr'>raro</span> <span class='ocrx_word' id='word_1_210' title='bbox 1816 2992 1992 3040; x_wconf 91' lang='lat' dir='ltr'>hama-</span> 
     </span>
     <span class='ocr_line' id='line_1_34' title="bbox 447 3071 1985 3149; baseline -0.011 -10"><span class='ocrx_word' id='word_1_211' title='bbox 447 3090 524 3124; x_wconf 81' lang='lat' dir='ltr'>tae</span> <span class='ocrx_word' id='word_1_212' title='bbox 552 3115 564 3138; x_wconf 81' lang='lat'><em>›</em></span> <span class='ocrx_word' id='word_1_213' title='bbox 605 3079 688 3126; x_wconf 63' lang='lat' dir='ltr'>Sed</span> <span class='ocrx_word' id='word_1_214' title='bbox 727 3093 781 3129; x_wconf 78' lang='lat' dir='ltr'>ut</span> <span class='ocrx_word' id='word_1_215' title='bbox 817 3081 1102 3148; x_wconf 78' lang='lat' dir='ltr'>plurimum</span> <span class='ocrx_word' id='word_1_216' title='bbox 1133 3083 1283 3149; x_wconf 76' lang='lat' dir='ltr'>‘apice</span> <span class='ocrx_word' id='word_1_217' title='bbox 1319 3083 1593 3142; x_wconf 85' lang='lat' dir='ltr'>incurvae,</span> <span class='ocrx_word' id='word_1_218' title='bbox 1632 3086 1861 3147; x_wconf 86' lang='lat' dir='ltr'>patentes</span> <span class='ocrx_word' id='word_1_219' title='bbox 1895 3071 1985 3124; x_wconf 83' lang='lat' dir='ltr'>vel</span> 
     </span>
    </p>
   </div>
  </div>
 </body>
</html>
