2179 3516
589 225 1357 259 n‹m,u›m.ruiA-—vomt,xx-uuix.
1626 211 1721 271 339

276 318 470 364 tradere
487 314 679 380 putavi)
702 312 785 357 nisi
815 313 972 374 potius
997 309 1177 372 aliquis
1198 309 1266 354 uti
1290 309 1545 354 varietates
1567 310 1788 371 ejusdem

271 403 450 466 speciei
502 398 683 442 habete
722 394 988 450 maluerit,
1044 393 1328 455 pracsertim
1366 391 1638 437 nonnullas
1673 400 1787 437 scel.

273 499 320 530 2.
356 482 556 527 Etenim
583 479 752 525 incisio
790 494 847 523 ac
886 491 1118 521 numerus
1159 471 1388 518 loborurn
1416 474 1463 518 in
1505 471 1660 529 soliis,
1699 475 1785 519 sti-

269 568 504 633 pularum
542 566 732 629 ligura,
786 561 1190 629 pedunculorum
1239 559 1495 623 proportio
1530 569 1615 604 aut
1647 573 1788 622 saepe

269 671 532 713 numerus,
570 651 888 716 capsularum
925 648 1179 713 glabritics
1214 664 1271 692 ac
1307 644 1545 708 rugositas
1568 677 1585 696 ,
1620 653 1667 689 et
1703 639 1786 689 dc-

267 741 418 805 niquc
461 741 512 786 in
548 753 664 787 secl.
698 741 847 786 citata
882 737 1041 784 forma
1065 735 1300 783 soliorum
1324 730 1510 797 calycis
1532 727 1787 777 exterioris

266 824 531 872 variabiles
566 835 700 872 sunt.
740 822 934 873 Idcirco
970 819 1101 867 nihil
1126 819 1306 865 mirum
1336 852 1349 876 ‚
1385 817 1422 864 si
1447 815 1613 862 omnia
1650 813 1786 861 indi-

264 907 448 966 vidua,
487 925 617 972 quac
653 923 767 954 cum
800 904 1217 968 descriptionibus
1243 917 1488 948 novarum
1511 900 1786 964 specierum

265 993 461 1039 l'reslc‘i
492 992 777 1057 comparavi
814 1007 928 1037 cum
954 988 1097 1036 nulla
1112 998 1280 1034 exacte
1296 984 1632 1041 conveniunt,
1670 994 1719 1030 et
1748 980 1786 1028 si

261 1077 469 1126 aliunde
505 1078 869 1144 exemplarium
905 1076 1306 1124 authenticorum
1343 1070 1543 1120 defectu
1578 1066 1784 1116 nullum

263 1172 454 1209 certum
489 1159 735 1224 judicium
771 1159 834 1208 de
868 1159 972 1208 illis
1006 1157 1219 1223 proferri
1251 1155 1407 1222 potui.

623 1324 672 1381 L
715 1325 906 1382 AVA
948 1324 1000 1380 T
1041 1324 1093 1378 E
1136 1322 1185 1377 R
1230 1321 1290 1376 A.

361 1509 493 1554 Gen.
519 1505 596 1568 pl.
633 1504 709 1554 ed.
749 1505 951 1554 Sclzreh.
988 1523 1037 1553 η.
1078 1503 1224 1551 1133.
1258 1505 1393 1549 Juss.
1430 1512 1548 1562 272.

261 1678 370 1728 Cal.
407 1678 635 1755 duplex3
681 1680 894 1728 exterior
931 1679 1163 1726 3-lobus.
1206 1681 1357 1739 Cass).
1395 1674 1680 1741 plurimae,
1720 1687 1776 1720 1-

477 1781 727 1830 spermae‚
767 1767 818 1814 in
855 1765 1027 1812 orbem
1064 1762 1341 1829 dispositae.

766 1936 791 1958 *
828 1936 939 1981 Fra
945 1935 1146 1980 tt'coscze.

131 2121 170 2152 1.
208 2105 284 2151 *L.
331 2116 618 2151 ARBOREA.
675 2102 801 2149 Lin.
857 2118 929 2164 ss).
981 2102 1055 2164 pl.
1106 2112 1230 2166 5372.
1296 2098 1455 2146 Πενία
1503 2099 1573 2144 II.
1632 2096 1770 2142 Pan.

251 2205 310 2251 p.
347 2187 471 2251 293.

185 2276 242 2325 L.
294 2273 438 2322 caule
489 2273 835 2320 arbore-scente
865 2309 877 2331 ‚
938 2270 1071 2319 foliis
1106 2268 1328 2317 molliter
1378 2264 1767 2333 pubescentibus

254 2361 495 2419 erenatis,
532 2358 848 2407 inferioribus
884 2356 1100 2404 cordatis
1132 2354 1418 2403 orbiculatis
1453 2353 1650 2417 plicatis
1680 2350 1770 2396 ob-

253 2456 358 2492 tuse
396 2445 511 2507 5-7-
547 2442 760 2508 Iobatis,
797 2439 1136 2506 superioribus
1172 2449 1315 2485 acute
1353 2436 1633 2501 angulatis,
1685 2451 1769 2498 pe-

251 2531 488 2579 dunculis
536 2543 646 2588 2-4
685 2528 908 2577 unissoris
956 2524 1146 2593 petiole
1197 2524 1540 2582 brevioribus,
1590 2522 1764 2588 calyce

251 2619 493 2665 exteriore
527 2615 763 2665 latissimo
798 2617 1085 2662 interiorem
1122 2610 1280 2677 duplo
1315 2621 1592 2677 superante.

251 2704 500 2753 Anthema
536 2704 757 2750 arborea.
794 2699 950 2749 Presl
965 2698 1029 2759 fl.
1063 2699 1153 2747 sic.
1187 2713 1228 2748 1.
1251 2715 1312 2761 p.
1350 2698 1462 2745 180.

251 2790 424 2838 Malva
461 2790 685 2849 arborea,
724 2789 992 2846 maritima,
1028 2798 1208 2834 veneta
1247 2786 1399 2846 dicta,
1436 2799 1593 2848 parvo
1627 2780 1765 2832 flore.

255 2879 384 2939 Cap.
422 2879 493 2923 H.
533 2876 680 2924 Cam.
716 2893 866 2938 supp.
902 2875 988 2921 alt.
1020 2890 1076 2935 Ρ.
1110 2871 1197 2937 59.

252 2963 320 3011 M.
357 2961 560 3008 arborea
591 2995 604 3019 ,
664 2977 820 3024 parvo
857 2958 976 3005 ssorc
1029 2956 1273 3004 coeruleo.
1317 2958 1450 3002 Cast.
1488 2958 1558 3002 ll.
1608 2955 1761 3001 stlesS.

245 3066 301 3112 p.
338 3058 413 3104 14.
1411 3046 1433 3071 *
