2179 3516
589 317 1364 355 TETRADYNAMIA--311,1QU(›sAr..
1666 308 1761 362 243

317 411 609 480 spathulatis
633 411 682 455 in
709 404 952 472 petiolum
976 405 1238 452 attenuatis
1263 406 1464 468 integris
1498 407 1581 452 vel
1607 408 1822 453 sinuato-

323 494 572 552 dentatis,
633 489 845 539 caulinis
881 487 1126 537 sessilibus
1170 485 1610 552 lineari-oblongis
1658 489 1829 535 subin—

322 582 466 645 tcgris
501 578 646 626 caule
682 576 1031 624 adscendente.

251 670 320 716 Ic.
366 670 416 714 T
411 683 485 714 017.
507 664 573 730 fl.
603 683 746 728 neap.
786 665 922 713 iuml.

322 753 494 800 Draba
530 751 767 818 siliquosa
788 787 801 810 ,
840 750 1033 816 hispida
1053 786 1068 811 ‚
1094 748 1304 798 Bellidis
1340 747 1462 796 solio
1498 746 1650 796 inciso
1675 783 1689 806 ‚
1716 746 1839 794 flore

323 836 457 884 albo.
502 839 628 900 Cup.
652 836 855 901 panple.
891 848 940 884 2.
975 845 1006 884 t.
1045 835 1115 882 25
1137 836 1167 882 P

259 922 303 970 ὂ.
334 939 710 986 pmymmseens
737 940 761 979 ‚·
809 922 951 971 caule
987 923 1142 987 magis
1177 921 1354 969 folioso
1377 957 1390 980 ,
1444 918 1575 968 soliis
1610 919 1839 966 omnibus

326 1004 625 1072 profundius
666 1006 881 1055 dentatis
906 1043 921 1068 ,
974 1005 1179 1054 floribus
1223 1023 1283 1053 ex
1325 1004 1842 1069 allio-purpurascen-

326 1095 472 1143 tibus.

264 1180 331 1228 Ic.
367 1181 538 1229 Draba
574 1179 811 1246 siliquosa
844 1179 1041 1246 hispida
1067 1217 1081 1241 ‚
1133 1179 1266 1227 foliis
1315 1175 1525 1224 Bellidis
1547 1209 1560 1234 ,
1614 1171 1735 1220 ssore
1785 1188 1846 1219 ex

328 1266 748 1331 purpureo-albo.
795 1269 924 1330 Cup.
951 1264 1153 1330 [κωφή.
1187 1265 1240 1312 3.
1277 1273 1309 1312 t.
1346 1263 1464 1319 48?

262 1353 320 1399 In
359 1351 595 1400 calcarcis
631 1352 718 1401 vel
753 1353 968 1399 arenosis
1004 1352 1245 1400 umbrosis
1281 1350 1520 1398 montosis
1545 1384 1560 1407 ‚
1601 1346 1688 1395 vel
1723 1345 1843 1393 sub—

331 1437 608 1497 1nontosis3
658 1437 904 1484 Palermo
945 1453 982 1482 a
1014 1440 1066 1483 S.
1098 1433 1371 1488 Martcfno,
1420 1432 1634 1485 Carini,
1671 1431 1851 1479 Plana

334 1521 410 1570 de'
439 1522 621 1576 Greci,
658 1526 708 1570 S.
743 1523 1032 1586 Gz'zcseppe,
1072 1510 1308 1571 Corleone
1325 1556 1341 1574 ,
1378 1518 1702 1577 Busambra,
1728 1520 1851 1565 fisla-

334 1612 484 1660 dom'e
502 1648 516 1672 ,
545 1613 725 1660 Monte
760 1610 816 1657 cli
854 1612 1192 1658 Cammarata
1211 1648 1225 1671 ,
1264 1613 1443 1660 Illonte
1478 1608 1726 1661 Souderi,
1759 1611 1852 1655 Ca-

333 1696 681 1759 strogiovcmni
692 1731 707 1756 ,
733 1699 879 1744 Etmz
900 1695 959 1742 al
980 1695 1150 1750 Milo,
1176 1696 1424 1749 M'eosz’a,
1449 1696 1670 1748 Τνοίηα,
1694 1693 1854 1742 Μαη-

331 1779 552 1835 danici,
592 1781 821 1830 Contado
854 1782 913 1832 cli
930 1782 1148 1834 Modica
1163 1802 1186 1840 ;
1220 1791 1307 1829 etc.
1344 1781 1570 1831 Varietas
1593 1779 1637 1827 b.
1671 1777 1852 1845 passim

339 1882 454 1914 cum
488 1863 664 1930 specie.

273 1953 550 2001 Februario
568 1989 584 2015 ,
622 1953 801 2020 Aprili.
835 1961 876 2013 Ἀ

284 2038 466 2086 Caules
500 2055 604 2086 non
639 2039 960 2104 bipollieares
978 2077 993 2101 ‚
1021 2042 1094 2089 uti
1129 2059 1189 2090 ex
1213 2039 1365 2091 Presl
1393 2040 1425 2086 l.
1448 2057 1489 2086 e.
1507 2076 1526 2095 ,
1562 2038 1646 2087 sed
1670 2037 1860 2104 saepius

346 2121 550 2188 pedales
579 2142 590 2170 :
614 2122 752 2184 solia
786 2127 1126 2187 canescentia,
1146 2127 1235 2177 vel
1271 2126 1474 2176 demum
1495 2127 1712 2175 virentia
1737 2144 1746 2170 :
1768 2140 1862 2187 pe-

347 2208 527 2259 clz‘eelli
561 2211 736 2278 calyce
760 2212 1111 2280 sublongiores
1139 2234 1150 2261 :
1177 2213 1333 2275 flores
1356 2214 1459 2262 albi
1494 2216 1547 2263 in
1571 2232 1616 2261 cc.
1636 2233 1648 2275 3
1672 2211 1861 2276 petalis

346 2294 520 2361 calyce
557 2296 716 2362 duplo
752 2297 1024 2362 majoribus
1054 2319 1064 2346 :
1102 2298 1329 2361 siliquae
1365 2316 1666 2365 compressae
1701 2335 1714 2358 ,
1759 2298 1865 2364 gla-

344 2382 462 2430 brae
489 2419 504 2443 ,
554 2383 874 2447 longitudine
910 2385 1286 2451 praecedentis,
1326 2386 1582 2451 sed'stylo
1619 2385 1862 2432 termina-

346 2480 464 2528 tae3
500 2469 590 2534 qui
623 2469 714 2516 lin.
748 2468 930 2535 longus
952 2506 967 2530 ,
1008 2481 1057 2517 at
1092 2473 1298 2518 omnino
1335 2470 1625 2518 obliteratus
1659 2469 1712 2516 in
1755 2467 1865 2517 illa.

279 2550 512 2600 Varietas
545 2551 590 2599 b.
631 2553 775 2601 caule
812 2555 1084 2602 robustiore
1109 2591 1122 2613 ,
1165 2554 1298 2601 foliis
1335 2554 1550 2604 caulinis
1587 2551 1863 2601 confertio-

347 2634 485 2683 ribus
511 2647 559 2684 et
581 2638 738 2701 magis
777 2637 1027 2700 demam,
1065 2638 1367 2705 floribusque
1404 2640 1666 2705 purpureis
1703 2637 1867 2686 differt

350 2717 413 2763 ab
448 2734 498 2765 α.
539 2720 716 2769 Icones
756 2725 886 2785 Cup.
923 2735 971 2771 et
1005 2725 1140 2772 Bon.
1179 2741 1292 2771 eum
1329 2722 1482 2770 dubio
1519 2724 1701 2783 citavi,
1750 2722 1868 2788 quia

347 2808 401 2854 in
454 2803 557 2856 illis
616 2809 772 2858 caulis
826 2810 972 2857 nimis
1023 2822 1214 2859 erectus
1248 2849 1264 2873 ‚
1328 2821 1376 2859 et
1429 2811 1628 2859 habitus
1684 2825 1866 2876 parum

353 2889 561 2940 alienus,

222 2974 266 3021 8.
302 2974 379 3019 A.
415 2988 701 3022 TURRITA.
738 2977 865 3024 Lin.
900 2994 972 3041 sp.
991 2978 1067 3040 pl.
1088 2976 1211 3042 930.
1248 2978 1411 3026 Uet-ia
1435 2978 1663 3024 HPcm.
1679 2987 1868 3040 12:279.

351 3059 584 3121 Preslfl.
618 3063 704 3110 sic.
749 3079 785 3111 1.
814 3082 871 3128 J).
909 3077 993 3130 49.

291 3146 346 3193 Α.
385 3146 577 3212 siliquis
614 3151 842 3199 secundis
881 3152 1111 3202 decurvis
1148 3153 1368 3220 margine
1403 3151 1705 3211 incrassatiS,
1736 3148 1865 3214 stylo

1369 3236 1393 3260 Ἀ·
