<?xml version="1.0" encoding="UTF-8"?>
<!DOCTYPE html PUBLIC "-//W3C//DTD XHTML 1.0 Transitional//EN"
    "http://www.w3.org/TR/xhtml1/DTD/xhtml1-transitional.dtd">
<html xmlns="http://www.w3.org/1999/xhtml" xml:lang="en" lang="en">
 <head>
  <title>
</title>
<meta http-equiv="Content-Type" content="text/html;charset=utf-8" />
  <meta name='ocr-system' content='tesseract 3.04.00' />
  <meta name='ocr-capabilities' content='ocr_page ocr_carea ocr_par ocr_line ocrx_word'/>
</head>
<body>
  <div class='ocr_page' id='page_1' title='image "./floraesiculaepro02guss_0265.png"; bbox 0 0 2179 3516; ppageno 0'>
   <div class='ocr_carea' id='block_1_1' title="bbox 599 307 1765 352">
    <p class='ocr_par' dir='ltr' id='par_1_1' title="bbox 599 307 1765 352">
     <span class='ocr_line' id='line_1_1' title="bbox 599 307 1765 352; baseline -0.003 -5"><span class='ocrx_word' id='word_1_1' title='bbox 599 313 1371 351; x_wconf 54' lang='lat' dir='ltr'>rmuimYNAwA—-stmonimina.</span> <span class='ocrx_word' id='word_1_2' title='bbox 1671 307 1765 352; x_wconf 72' lang='lat'>235</span> 
     </span>
    </p>
   </div>
   <div class='ocr_carea' id='block_1_2' title="bbox 214 400 1862 3192">
    <p class='ocr_par' dir='ltr' id='par_1_2' title="bbox 330 400 1841 725">
     <span class='ocr_line' id='line_1_2' title="bbox 334 400 1835 470; baseline 0.002 -16"><span class='ocrx_word' id='word_1_3' title='bbox 334 405 479 454; x_wconf 84' lang='lat' dir='ltr'>solidi</span> <span class='ocrx_word' id='word_1_4' title='bbox 515 413 599 450; x_wconf 90' lang='lat' dir='ltr'>aut</span> <span class='ocrx_word' id='word_1_5' title='bbox 634 402 719 450; x_wconf 76' lang='lat' dir='ltr'>vix</span> <span class='ocrx_word' id='word_1_6' title='bbox 741 400 953 448; x_wconf 76' lang='lat' dir='ltr'>fistulosi</span> <span class='ocrx_word' id='word_1_7' title='bbox 975 437 989 461; x_wconf 86' lang='lat'><em>,</em></span> <span class='ocrx_word' id='word_1_8' title='bbox 1030 401 1277 466; x_wconf 80' lang='lat' dir='ltr'>simplices</span> <span class='ocrx_word' id='word_1_9' title='bbox 1312 404 1397 450; x_wconf 86' lang='lat' dir='ltr'>vel</span> <span class='ocrx_word' id='word_1_10' title='bbox 1434 409 1835 470; x_wconf 67' lang='lat' dir='ltr'>coryniboso—ra—</span> 
     </span>
     <span class='ocr_line' id='line_1_3' title="bbox 330 485 1838 554; baseline 0.003 -18"><span class='ocrx_word' id='word_1_11' title='bbox 330 491 447 536; x_wconf 78' lang='lat' dir='ltr'>mosi</span> <span class='ocrx_word' id='word_1_12' title='bbox 477 508 486 534; x_wconf 90' lang='grc'>;</span> <span class='ocrx_word' id='word_1_13' title='bbox 514 485 694 549; x_wconf 75' lang='lat' dir='ltr'>pelczlcc</span> <span class='ocrx_word' id='word_1_14' title='bbox 729 486 843 532; x_wconf 86' lang='lat' dir='ltr'>alba</span> <span class='ocrx_word' id='word_1_15' title='bbox 872 522 885 544; x_wconf 91' lang='lat'><em>‚</em></span> <span class='ocrx_word' id='word_1_16' title='bbox 922 486 1150 550; x_wconf 82' lang='lat' dir='ltr'>integra,</span> <span class='ocrx_word' id='word_1_17' title='bbox 1189 485 1404 534; x_wconf 82' lang='lat' dir='ltr'>2-3-lin.</span> <span class='ocrx_word' id='word_1_18' title='bbox 1447 487 1598 552; x_wconf 76' lang='lat' dir='ltr'>longa</span> <span class='ocrx_word' id='word_1_19' title='bbox 1628 511 1636 536; x_wconf 89' lang='grc'>;</span> <span class='ocrx_word' id='word_1_20' title='bbox 1682 496 1838 554; x_wconf 72' lang='lat' dir='ltr'>pecli-</span> 
     </span>
     <span class='ocr_line' id='line_1_4' title="bbox 333 573 1841 638; baseline 0.005 -18"><span class='ocrx_word' id='word_1_21' title='bbox 333 575 451 624; x_wconf 76' lang='lat' dir='ltr'>eellc&#39;</span> <span class='ocrx_word' id='word_1_22' title='bbox 484 575 622 638; x_wconf 83' lang='lat' dir='ltr'>apice</span> <span class='ocrx_word' id='word_1_23' title='bbox 645 574 988 621; x_wconf 80' lang='lat' dir='ltr'>subincrassati</span> <span class='ocrx_word' id='word_1_24' title='bbox 1009 609 1024 635; x_wconf 90' lang='lat'><em>,</em></span> <span class='ocrx_word' id='word_1_25' title='bbox 1063 573 1449 638; x_wconf 84' lang='lat' dir='ltr'>semipollicares</span> <span class='ocrx_word' id='word_1_26' title='bbox 1474 585 1523 622; x_wconf 83' lang='lat' dir='ltr'>et</span> <span class='ocrx_word' id='word_1_27' title='bbox 1547 576 1679 623; x_wconf 85' lang='lat' dir='ltr'>ultra</span> <span class='ocrx_word' id='word_1_28' title='bbox 1703 599 1711 625; x_wconf 82' lang='lat' dir='ltr'><strong><em>z</em></strong></span> <span class='ocrx_word' id='word_1_29' title='bbox 1752 599 1841 627; x_wconf 74' lang='lat' dir='ltr'>ccc-</span> 
     </span>
     <span class='ocr_line' id='line_1_5' title="bbox 334 661 897 725; baseline -0.002 -16"><span class='ocrx_word' id='word_1_30' title='bbox 334 664 463 725; x_wconf 74' lang='lat' dir='ltr'>lyet&#39;s</span> <span class='ocrx_word' id='word_1_31' title='bbox 496 661 675 709; x_wconf 87' lang='lat' dir='ltr'>foliola</span> <span class='ocrx_word' id='word_1_32' title='bbox 712 661 897 711; x_wconf 83' lang='lat' dir='ltr'>albida.</span> 
     </span>
    </p>

    <p class='ocr_par' dir='ltr' id='par_1_3' title="bbox 268 744 1851 1406">
     <span class='ocr_line' id='line_1_6' title="bbox 268 744 1842 807; baseline 0.002 -14"><span class='ocrx_word' id='word_1_33' title='bbox 268 747 481 794; x_wconf 85' lang='lat' dir='ltr'>Habitus</span> <span class='ocrx_word' id='word_1_34' title='bbox 536 749 590 795; x_wconf 85' lang='lat' dir='ltr'>C.</span> <span class='ocrx_word' id='word_1_35' title='bbox 627 761 841 793; x_wconf 79' lang='lat' dir='ltr'>amarae</span> <span class='ocrx_word' id='word_1_36' title='bbox 871 783 886 807; x_wconf 85' lang='lat'><em>,</em></span> <span class='ocrx_word' id='word_1_37' title='bbox 941 744 1027 793; x_wconf 86' lang='lat' dir='ltr'>sed</span> <span class='ocrx_word' id='word_1_38' title='bbox 1063 746 1310 793; x_wconf 71' lang='lat' dir='ltr'>robustior</span> <span class='ocrx_word' id='word_1_39' title='bbox 1362 757 1412 794; x_wconf 89' lang='lat' dir='ltr'>et</span> <span class='ocrx_word' id='word_1_40' title='bbox 1446 747 1682 797; x_wconf 77' lang='lat' dir='ltr'>antherae</span> <span class='ocrx_word' id='word_1_41' title='bbox 1741 766 1842 796; x_wconf 88' lang='lat' dir='ltr'>non</span> 
     </span>
     <span class='ocr_line' id='line_1_7' title="bbox 329 833 1841 900; baseline 0.004 -24"><span class='ocrx_word' id='word_1_42' title='bbox 329 849 608 896; x_wconf 79' lang='lat' dir='ltr'>purpureae</span> <span class='ocrx_word' id='word_1_43' title='bbox 658 844 714 880; x_wconf 87' lang='lat' dir='ltr'>ut</span> <span class='ocrx_word' id='word_1_44' title='bbox 749 834 802 881; x_wconf 88' lang='lat' dir='ltr'>in</span> <span class='ocrx_word' id='word_1_45' title='bbox 836 833 968 880; x_wconf 73' lang='lat' dir='ltr'>illa:</span> <span class='ocrx_word' id='word_1_46' title='bbox 1019 834 1168 880; x_wconf 89' lang='lat' dir='ltr'>ctiam</span> <span class='ocrx_word' id='word_1_47' title='bbox 1234 837 1286 882; x_wconf 86' lang='lat' dir='ltr'>C.</span> <span class='ocrx_word' id='word_1_48' title='bbox 1323 833 1615 893; x_wconf 68' lang='lat' dir='ltr'>uliginosae</span> <span class='ocrx_word' id='word_1_49' title='bbox 1672 836 1841 900; x_wconf 79' lang='lat' dir='ltr'>quoad</span> 
     </span>
     <span class='ocr_line' id='line_1_8' title="bbox 334 914 1846 981; baseline 0 -20"><span class='ocrx_word' id='word_1_50' title='bbox 334 915 720 979; x_wconf 81' lang='lat' dir='ltr'>descriptionem</span> <span class='ocrx_word' id='word_1_51' title='bbox 755 914 950 974; x_wconf 85' lang='lat' dir='ltr'>affinis,</span> <span class='ocrx_word' id='word_1_52' title='bbox 988 933 1101 964; x_wconf 86' lang='lat' dir='ltr'>cum</span> <span class='ocrx_word' id='word_1_53' title='bbox 1137 933 1237 980; x_wconf 78' lang='lat' dir='ltr'>qua</span> <span class='ocrx_word' id='word_1_54' title='bbox 1276 918 1539 965; x_wconf 73' lang='lat' dir='ltr'>associatur</span> <span class='ocrx_word' id='word_1_55' title='bbox 1574 936 1601 964; x_wconf 88' lang='lat' dir='ltr'>a</span> <span class='ocrx_word' id='word_1_56' title='bbox 1630 918 1703 964; x_wconf 88' lang='lat' dir='ltr'>Cl.</span> <span class='ocrx_word' id='word_1_57' title='bbox 1728 921 1846 981; x_wconf 76' lang='lat' dir='ltr'>Spr.</span> 
     </span>
     <span class='ocr_line' id='line_1_9' title="bbox 335 1001 1849 1067; baseline 0.003 -20"><span class='ocrx_word' id='word_1_58' title='bbox 335 1001 390 1047; x_wconf 92' lang='lat' dir='ltr'>in</span> <span class='ocrx_word' id='word_1_59' title='bbox 424 1017 460 1049; x_wconf 78' lang='lat' dir='ltr'>s.</span> <span class='ocrx_word' id='word_1_60' title='bbox 483 1017 587 1061; x_wconf 75' lang='lat' dir='ltr'>veg.</span> <span class='ocrx_word' id='word_1_61' title='bbox 621 1014 669 1048; x_wconf 75' lang='lat'>2.</span> <span class='ocrx_word' id='word_1_62' title='bbox 695 1019 754 1064; x_wconf 82' lang='lat' dir='ltr'>J).</span> <span class='ocrx_word' id='word_1_63' title='bbox 779 1002 920 1057; x_wconf 78' lang='lat'><em>886,</em></span> <span class='ocrx_word' id='word_1_64' title='bbox 956 1003 1042 1051; x_wconf 87' lang='lat' dir='ltr'>sed</span> <span class='ocrx_word' id='word_1_65' title='bbox 1081 1003 1270 1051; x_wconf 80' lang='lat' dir='ltr'>foliolis</span> <span class='ocrx_word' id='word_1_66' title='bbox 1305 1005 1507 1067; x_wconf 73' lang='lat' dir='ltr'>integris</span> <span class='ocrx_word' id='word_1_67' title='bbox 1543 1005 1605 1051; x_wconf 88' lang='lat' dir='ltr'>ab</span> <span class='ocrx_word' id='word_1_68' title='bbox 1640 1004 1732 1052; x_wconf 86' lang='lat' dir='ltr'>illa</span> <span class='ocrx_word' id='word_1_69' title='bbox 1768 1005 1849 1052; x_wconf 84' lang='lat' dir='ltr'>di-</span> 
     </span>
     <span class='ocr_line' id='line_1_10' title="bbox 335 1085 1844 1152; baseline 0.001 -17"><span class='ocrx_word' id='word_1_70' title='bbox 335 1102 481 1135; x_wconf 79' lang='lat' dir='ltr'>versa</span> <span class='ocrx_word' id='word_1_71' title='bbox 532 1085 750 1135; x_wconf 75' lang='lat' dir='ltr'>videtur.</span> <span class='ocrx_word' id='word_1_72' title='bbox 802 1089 1004 1135; x_wconf 85' lang='lat' dir='ltr'>leonem</span> <span class='ocrx_word' id='word_1_73' title='bbox 1041 1089 1266 1135; x_wconf 72' lang='lat' dir='ltr'>Samnii</span> <span class='ocrx_word' id='word_1_74' title='bbox 1310 1106 1424 1136; x_wconf 84' lang='lat' dir='ltr'>cum</span> <span class='ocrx_word' id='word_1_75' title='bbox 1460 1088 1615 1136; x_wconf 83' lang='lat' dir='ltr'>dubio</span> <span class='ocrx_word' id='word_1_76' title='bbox 1652 1091 1844 1152; x_wconf 81' lang='lat' dir='ltr'>citavi,</span> 
     </span>
     <span class='ocr_line' id='line_1_11' title="bbox 336 1170 1848 1240; baseline 0.004 -23"><span class='ocrx_word' id='word_1_77' title='bbox 336 1171 460 1237; x_wconf 80' lang='lat' dir='ltr'>quia</span> <span class='ocrx_word' id='word_1_78' title='bbox 493 1170 671 1220; x_wconf 83' lang='lat' dir='ltr'>foliola</span> <span class='ocrx_word' id='word_1_79' title='bbox 706 1172 946 1221; x_wconf 83' lang='lat' dir='ltr'>radicalia</span> <span class='ocrx_word' id='word_1_80' title='bbox 982 1175 1033 1220; x_wconf 88' lang='lat' dir='ltr'>in</span> <span class='ocrx_word' id='word_1_81' title='bbox 1060 1187 1225 1223; x_wconf 82' lang='lat' dir='ltr'>nostra</span> <span class='ocrx_word' id='word_1_82' title='bbox 1250 1175 1442 1240; x_wconf 82' lang='lat' dir='ltr'>integra</span> <span class='ocrx_word' id='word_1_83' title='bbox 1462 1210 1476 1234; x_wconf 87' lang='grc'>,</span> <span class='ocrx_word' id='word_1_84' title='bbox 1503 1187 1551 1223; x_wconf 87' lang='lat' dir='ltr'>ct</span> <span class='ocrx_word' id='word_1_85' title='bbox 1574 1174 1718 1225; x_wconf 86' lang='lat' dir='ltr'>flores</span> <span class='ocrx_word' id='word_1_86' title='bbox 1743 1176 1848 1224; x_wconf 87' lang='lat' dir='ltr'>albi</span> 
     </span>
     <span class='ocr_line' id='line_1_12' title="bbox 342 1261 1851 1329; baseline 0.004 -24"><span class='ocrx_word' id='word_1_87' title='bbox 342 1277 445 1306; x_wconf 89' lang='lat' dir='ltr'>non</span> <span class='ocrx_word' id='word_1_88' title='bbox 482 1261 626 1308; x_wconf 88' lang='lat' dir='ltr'>rosei.</span> <span class='ocrx_word' id='word_1_89' title='bbox 683 1261 726 1308; x_wconf 84' lang='lat' dir='ltr'><strong>A</strong></span> <span class='ocrx_word' id='word_1_90' title='bbox 768 1264 821 1310; x_wconf 83' lang='lat' dir='ltr'>C.</span> <span class='ocrx_word' id='word_1_91' title='bbox 853 1263 1088 1325; x_wconf 73' lang='lat' dir='ltr'>pratensi</span> <span class='ocrx_word' id='word_1_92' title='bbox 1124 1275 1258 1310; x_wconf 85' lang='lat' dir='ltr'>certo</span> <span class='ocrx_word' id='word_1_93' title='bbox 1295 1262 1565 1326; x_wconf 83' lang='lat' dir='ltr'>distincta,</span> <span class='ocrx_word' id='word_1_94' title='bbox 1621 1279 1714 1328; x_wconf 85' lang='lat' dir='ltr'>pro</span> <span class='ocrx_word' id='word_1_95' title='bbox 1749 1279 1851 1329; x_wconf 77' lang='lat' dir='ltr'>qua</span> 
     </span>
     <span class='ocr_line' id='line_1_13' title="bbox 339 1344 1391 1406; baseline 0.003 -16"><span class='ocrx_word' id='word_1_96' title='bbox 339 1344 509 1391; x_wconf 83' lang='lat' dir='ltr'>confer</span> <span class='ocrx_word' id='word_1_97' title='bbox 545 1346 742 1392; x_wconf 85' lang='lat' dir='ltr'>iconem</span> <span class='ocrx_word' id='word_1_98' title='bbox 779 1345 1003 1392; x_wconf 72' lang='lat' dir='ltr'>Sturmc‘c&#39;</span> <span class='ocrx_word' id='word_1_99' title='bbox 1038 1345 1070 1392; x_wconf 87' lang='lat' dir='ltr'>l.</span> <span class='ocrx_word' id='word_1_100' title='bbox 1107 1363 1150 1393; x_wconf 85' lang='lat' dir='ltr'>c.</span> <span class='ocrx_word' id='word_1_101' title='bbox 1169 1346 1307 1406; x_wconf 79' lang='lat' dir='ltr'>sc&#39;cso.</span> <span class='ocrx_word' id='word_1_102' title='bbox 1343 1346 1391 1394; x_wconf 89' lang='lat'>8.</span> 
     </span>
    </p>

    <p class='ocr_par' dir='ltr' id='par_1_4' title="bbox 214 1427 1847 1574">
     <span class='ocr_line' id='line_1_14' title="bbox 214 1427 1847 1491; baseline 0.006 -19"><span class='ocrx_word' id='word_1_103' title='bbox 214 1427 258 1472; x_wconf 84' lang='lat'>3.</span> <span class='ocrx_word' id='word_1_104' title='bbox 303 1429 356 1474; x_wconf 82' lang='lat' dir='ltr'>C.</span> <span class='ocrx_word' id='word_1_105' title='bbox 391 1443 632 1475; x_wconf 80' lang='lat' dir='ltr'><em>GLAUCA.</em></span> <span class='ocrx_word' id='word_1_106' title='bbox 684 1431 796 1490; x_wconf 75' lang='lat' dir='ltr'>Spr.</span> <span class='ocrx_word' id='word_1_107' title='bbox 841 1445 876 1473; x_wconf 82' lang='lat' dir='ltr'>s.</span> <span class='ocrx_word' id='word_1_108' title='bbox 913 1444 1018 1489; x_wconf 62' lang='lat' dir='ltr'>weg.</span> <span class='ocrx_word' id='word_1_109' title='bbox 1055 1441 1103 1476; x_wconf 76' lang='lat'>2.</span> <span class='ocrx_word' id='word_1_110' title='bbox 1130 1445 1189 1491; x_wconf 82' lang='lat' dir='ltr'>p.</span> <span class='ocrx_word' id='word_1_111' title='bbox 1224 1429 1346 1476; x_wconf 91' lang='lat'><em>888.</em></span> <span class='ocrx_word' id='word_1_112' title='bbox 1397 1433 1530 1478; x_wconf 84' lang='lat' dir='ltr'>Dec.</span> <span class='ocrx_word' id='word_1_113' title='bbox 1574 1447 1612 1477; x_wconf 82' lang='lat' dir='ltr'>s.</span> <span class='ocrx_word' id='word_1_114' title='bbox 1649 1440 1752 1480; x_wconf 78' lang='lat' dir='ltr'>nat.</span> <span class='ocrx_word' id='word_1_115' title='bbox 1796 1445 1847 1481; x_wconf 77' lang='lat'>2.</span> 
     </span>
     <span class='ocr_line' id='line_1_15' title="bbox 334 1509 1227 1574; baseline 0.003 -18"><span class='ocrx_word' id='word_1_116' title='bbox 334 1527 391 1573; x_wconf 78' lang='lat' dir='ltr'>p.</span> <span class='ocrx_word' id='word_1_117' title='bbox 426 1509 546 1557; x_wconf 60' lang='lat'>266&#39;.</span> <span class='ocrx_word' id='word_1_118' title='bbox 582 1509 815 1571; x_wconf 79' lang='lat' dir='ltr'>Preslss.</span> <span class='ocrx_word' id='word_1_119' title='bbox 851 1511 940 1557; x_wconf 75' lang='lat' dir='ltr'>sie.</span> <span class='ocrx_word' id='word_1_120' title='bbox 978 1525 1016 1558; x_wconf 80' lang='lat'>1.</span> <span class='ocrx_word' id='word_1_121' title='bbox 1041 1527 1101 1574; x_wconf 80' lang='lat' dir='ltr'>p.</span> <span class='ocrx_word' id='word_1_122' title='bbox 1137 1511 1227 1559; x_wconf 75' lang='lat'>53.</span> 
     </span>
    </p>

    <p class='ocr_par' dir='ltr' id='par_1_5' title="bbox 272 1596 1858 2088">
     <span class='ocr_line' id='line_1_16' title="bbox 272 1596 1858 1666; baseline 0.003 -22"><span class='ocrx_word' id='word_1_123' title='bbox 272 1597 323 1644; x_wconf 90' lang='lat' dir='ltr'>C.</span> <span class='ocrx_word' id='word_1_124' title='bbox 351 1596 669 1662; x_wconf 86' lang='lat' dir='ltr'>glaucescens</span> <span class='ocrx_word' id='word_1_125' title='bbox 692 1597 992 1660; x_wconf 78' lang='lat' dir='ltr'>glaberrima</span> <span class='ocrx_word' id='word_1_126' title='bbox 1006 1633 1021 1658; x_wconf 85' lang='grc'>,</span> <span class='ocrx_word' id='word_1_127' title='bbox 1050 1596 1242 1662; x_wconf 83' lang='lat' dir='ltr'>siliquis</span> <span class='ocrx_word' id='word_1_128' title='bbox 1267 1598 1441 1645; x_wconf 86' lang='lat' dir='ltr'>erectis</span> <span class='ocrx_word' id='word_1_129' title='bbox 1476 1598 1662 1662; x_wconf 80' lang='lat' dir='ltr'>glabris</span> <span class='ocrx_word' id='word_1_130' title='bbox 1682 1638 1696 1662; x_wconf 70' lang='lat'><em>7</em></span> <span class='ocrx_word' id='word_1_131' title='bbox 1725 1602 1858 1666; x_wconf 65' lang='lat' dir='ltr'>stylo</span> 
     </span>
     <span class='ocr_line' id='line_1_17' title="bbox 343 1681 1853 1753; baseline 0.003 -24"><span class='ocrx_word' id='word_1_132' title='bbox 343 1683 482 1730; x_wconf 85' lang='lat' dir='ltr'>tenui</span> <span class='ocrx_word' id='word_1_133' title='bbox 517 1682 838 1730; x_wconf 80' lang='lat' dir='ltr'>teretiusculo</span> <span class='ocrx_word' id='word_1_134' title='bbox 859 1718 873 1741; x_wconf 83' lang='lat'><em>,</em></span> <span class='ocrx_word' id='word_1_135' title='bbox 912 1681 1091 1747; x_wconf 79' lang='lat' dir='ltr'>petalis</span> <span class='ocrx_word' id='word_1_136' title='bbox 1127 1683 1301 1749; x_wconf 82' lang='lat' dir='ltr'>calyce</span> <span class='ocrx_word' id='word_1_137' title='bbox 1326 1683 1599 1749; x_wconf 79' lang='lat' dir='ltr'>majoribus</span> <span class='ocrx_word' id='word_1_138' title='bbox 1625 1684 1644 1751; x_wconf 87' lang='lat'>(</span> <span class='ocrx_word' id='word_1_139' title='bbox 1670 1686 1853 1753; x_wconf 83' lang='lat' dir='ltr'>albis),</span> 
     </span>
     <span class='ocr_line' id='line_1_18' title="bbox 343 1766 1856 1838; baseline 0.006 -25"><span class='ocrx_word' id='word_1_140' title='bbox 343 1766 476 1814; x_wconf 86' lang='lat' dir='ltr'>foliis</span> <span class='ocrx_word' id='word_1_141' title='bbox 499 1767 749 1832; x_wconf 76' lang='lat' dir='ltr'>petiolatis</span> <span class='ocrx_word' id='word_1_142' title='bbox 773 1768 994 1831; x_wconf 72' lang='lat' dir='ltr'>pinnatis</span> <span class='ocrx_word' id='word_1_143' title='bbox 1013 1804 1028 1827; x_wconf 84' lang='lat'><em>,</em></span> <span class='ocrx_word' id='word_1_144' title='bbox 1056 1766 1245 1815; x_wconf 83' lang='lat' dir='ltr'>foliolis</span> <span class='ocrx_word' id='word_1_145' title='bbox 1271 1769 1500 1836; x_wconf 83' lang='lat' dir='ltr'>oblongis</span> <span class='ocrx_word' id='word_1_146' title='bbox 1526 1772 1856 1838; x_wconf 81' lang='lat' dir='ltr'>obovatisque</span> 
     </span>
     <span class='ocr_line' id='line_1_19' title="bbox 337 1851 1815 1922; baseline 0.005 -22"><span class='ocrx_word' id='word_1_147' title='bbox 337 1853 592 1900; x_wconf 83' lang='lat' dir='ltr'>terminali</span> <span class='ocrx_word' id='word_1_148' title='bbox 626 1852 810 1899; x_wconf 86' lang='lat' dir='ltr'>trilobo</span> <span class='ocrx_word' id='word_1_149' title='bbox 835 1887 851 1913; x_wconf 82' lang='lat'><em>‚</em></span> <span class='ocrx_word' id='word_1_150' title='bbox 893 1851 1036 1900; x_wconf 86' lang='lat' dir='ltr'>caule</span> <span class='ocrx_word' id='word_1_151' title='bbox 1073 1865 1236 1901; x_wconf 85' lang='lat' dir='ltr'>erecto</span> <span class='ocrx_word' id='word_1_152' title='bbox 1271 1856 1358 1905; x_wconf 80' lang='lat' dir='ltr'>vel</span> <span class='ocrx_word' id='word_1_153' title='bbox 1394 1858 1572 1922; x_wconf 88' lang='lat' dir='ltr'>patulo</span> <span class='ocrx_word' id='word_1_154' title='bbox 1607 1876 1815 1908; x_wconf 76' lang='lat' dir='ltr'>ramoso,</span> 
     </span>
     <span class='ocr_line' id='line_1_20' title="bbox 347 1937 1853 2008; baseline 0.007 -23"><span class='ocrx_word' id='word_1_155' title='bbox 347 1937 400 1985; x_wconf 90' lang='lat' dir='ltr'>C.</span> <span class='ocrx_word' id='word_1_156' title='bbox 435 1938 797 1987; x_wconf 78' lang='lat' dir='ltr'>thalictroidCS.</span> <span class='ocrx_word' id='word_1_157' title='bbox 853 1941 974 1989; x_wconf 76' lang='lat' dir='ltr'><em>Bc&#39;v.</em></span> <span class='ocrx_word' id='word_1_158' title='bbox 1009 1951 1137 1989; x_wconf 76' lang='lat' dir='ltr'>cent.</span> <span class='ocrx_word' id='word_1_159' title='bbox 1173 1957 1221 1989; x_wconf 74' lang='lat'>2.</span> <span class='ocrx_word' id='word_1_160' title='bbox 1259 1959 1320 2006; x_wconf 80' lang='lat' dir='ltr'>p.</span> <span class='ocrx_word' id='word_1_161' title='bbox 1358 1943 1466 2000; x_wconf 74' lang='lat'>16,</span> <span class='ocrx_word' id='word_1_162' title='bbox 1516 1956 1565 1994; x_wconf 80' lang='lat' dir='ltr'>et</span> <span class='ocrx_word' id='word_1_163' title='bbox 1597 1948 1762 1995; x_wconf 80' lang='lat' dir='ltr'>Presl</span> <span class='ocrx_word' id='word_1_164' title='bbox 1789 1946 1853 2008; x_wconf 86' lang='lat' dir='ltr'>fl.</span> 
     </span>
     <span class='ocr_line' id='line_1_21' title="bbox 347 2025 1330 2088; baseline 0.005 -16"><span class='ocrx_word' id='word_1_165' title='bbox 347 2025 436 2072; x_wconf 81' lang='lat' dir='ltr'>sie.</span> <span class='ocrx_word' id='word_1_166' title='bbox 472 2039 510 2072; x_wconf 76' lang='lat'>1.</span> <span class='ocrx_word' id='word_1_167' title='bbox 538 2043 596 2088; x_wconf 80' lang='lat' dir='ltr'>p.</span> <span class='ocrx_word' id='word_1_168' title='bbox 631 2025 704 2073; x_wconf 75' lang='lat'>52</span> <span class='ocrx_word' id='word_1_169' title='bbox 730 2062 744 2086; x_wconf 84' lang='lat'><em>,</em></span> <span class='ocrx_word' id='word_1_170' title='bbox 784 2044 887 2075; x_wconf 91' lang='lat' dir='ltr'>non</span> <span class='ocrx_word' id='word_1_171' title='bbox 923 2028 1043 2076; x_wconf 84' lang='lat' dir='ltr'><em>All.</em></span> <span class='ocrx_word' id='word_1_172' title='bbox 1084 2046 1144 2076; x_wconf 77' lang='lat' dir='ltr'>ex</span> <span class='ocrx_word' id='word_1_173' title='bbox 1178 2029 1330 2077; x_wconf 84' lang='lat' dir='ltr'>loeo!</span> 
     </span>
    </p>

    <p class='ocr_par' dir='ltr' id='par_1_6' title="bbox 280 2109 1599 2166">
     <span class='ocr_line' id='line_1_22' title="bbox 280 2109 1599 2166; baseline 0.005 -10"><span class='ocrx_word' id='word_1_174' title='bbox 280 2111 346 2156; x_wconf 87' lang='lat' dir='ltr'>Ic.</span> <span class='ocrx_word' id='word_1_175' title='bbox 383 2110 469 2156; x_wconf 76' lang='lat' dir='ltr'>Fl.</span> <span class='ocrx_word' id='word_1_176' title='bbox 503 2109 593 2157; x_wconf 79' lang='lat' dir='ltr'>sie.</span> <span class='ocrx_word' id='word_1_177' title='bbox 629 2118 661 2156; x_wconf 81' lang='lat' dir='ltr'>t.</span> <span class='ocrx_word' id='word_1_178' title='bbox 685 2110 816 2166; x_wconf 71' lang='lat'>324.</span> <span class='ocrx_word' id='word_1_179' title='bbox 851 2111 1044 2161; x_wconf 79' lang='lat' dir='ltr'>Deless.</span> <span class='ocrx_word' id='word_1_180' title='bbox 1078 2112 1144 2162; x_wconf 83' lang='lat' dir='ltr'>ie.</span> <span class='ocrx_word' id='word_1_181' title='bbox 1179 2113 1340 2163; x_wconf 82' lang='lat' dir='ltr'>select.</span> <span class='ocrx_word' id='word_1_182' title='bbox 1376 2128 1426 2163; x_wconf 81' lang='grc'>,2.</span> <span class='ocrx_word' id='word_1_183' title='bbox 1462 2125 1496 2164; x_wconf 86' lang='lat' dir='ltr'>t.</span> <span class='ocrx_word' id='word_1_184' title='bbox 1517 2115 1599 2163; x_wconf 73' lang='grc'>31.</span> 
     </span>
    </p>

    <p class='ocr_par' dir='ltr' id='par_1_7' title="bbox 284 2193 1857 2344">
     <span class='ocr_line' id='line_1_23' title="bbox 284 2193 1857 2267; baseline 0.006 -27"><span class='ocrx_word' id='word_1_185' title='bbox 284 2195 343 2241; x_wconf 88' lang='lat' dir='ltr'>ln</span> <span class='ocrx_word' id='word_1_186' title='bbox 379 2194 594 2240; x_wconf 79' lang='lat' dir='ltr'>arenosis</span> <span class='ocrx_word' id='word_1_187' title='bbox 653 2193 942 2243; x_wconf 85' lang='lat' dir='ltr'>elatioribus</span> <span class='ocrx_word' id='word_1_188' title='bbox 990 2198 1265 2261; x_wconf 78' lang='lat' dir='ltr'>montosi83</span> <span class='ocrx_word' id='word_1_189' title='bbox 1308 2201 1454 2247; x_wconf 80' lang='lat' dir='ltr'>,Etna</span> <span class='ocrx_word' id='word_1_190' title='bbox 1476 2218 1501 2260; x_wconf 84' lang='lat'>,·</span> <span class='ocrx_word' id='word_1_191' title='bbox 1556 2200 1643 2249; x_wconf 87' lang='lat' dir='ltr'>sed</span> <span class='ocrx_word' id='word_1_192' title='bbox 1703 2218 1857 2267; x_wconf 81' lang='lat' dir='ltr'>prope</span> 
     </span>
     <span class='ocr_line' id='line_1_24' title="bbox 347 2282 1365 2344; baseline 0.006 -16"><span class='ocrx_word' id='word_1_193' title='bbox 347 2284 579 2329; x_wconf 67' lang='lat' dir='ltr'>splessc&#39;lza</span> <span class='ocrx_word' id='word_1_194' title='bbox 604 2319 619 2344; x_wconf 82' lang='grc'>,</span> <span class='ocrx_word' id='word_1_195' title='bbox 659 2282 744 2329; x_wconf 91' lang='lat' dir='ltr'>ubi</span> <span class='ocrx_word' id='word_1_196' title='bbox 781 2300 842 2330; x_wconf 79' lang='lat' dir='ltr'>ex</span> <span class='ocrx_word' id='word_1_197' title='bbox 876 2285 1033 2334; x_wconf 77' lang='lat' dir='ltr'>Presl</span> <span class='ocrx_word' id='word_1_198' title='bbox 1047 2317 1068 2340; x_wconf 87' lang='lat'><em>,</em></span> <span class='ocrx_word' id='word_1_199' title='bbox 1104 2301 1208 2332; x_wconf 89' lang='lat' dir='ltr'>non</span> <span class='ocrx_word' id='word_1_200' title='bbox 1241 2282 1365 2334; x_wconf 86' lang='lat' dir='ltr'>vidi.</span> 
     </span>
    </p>

    <p class='ocr_par' dir='ltr' id='par_1_8' title="bbox 283 2368 746 2429">
     <span class='ocr_line' id='line_1_25' title="bbox 283 2368 746 2429; baseline 0.004 -15"><span class='ocrx_word' id='word_1_201' title='bbox 283 2369 437 2415; x_wconf 84' lang='lat' dir='ltr'>Junio</span> <span class='ocrx_word' id='word_1_202' title='bbox 463 2404 478 2429; x_wconf 87' lang='lat'><strong><em>,</em></strong></span> <span class='ocrx_word' id='word_1_203' title='bbox 517 2368 671 2416; x_wconf 87' lang='lat' dir='ltr'>Julio.</span> <span class='ocrx_word' id='word_1_204' title='bbox 707 2376 746 2428; x_wconf 52' lang='lat'>222</span> 
     </span>
    </p>

    <p class='ocr_par' dir='ltr' id='par_1_9' title="bbox 288 2449 1860 2933">
     <span class='ocr_line' id='line_1_26' title="bbox 288 2449 1858 2520; baseline 0.005 -20"><span class='ocrx_word' id='word_1_205' title='bbox 288 2451 474 2500; x_wconf 78' lang='lat' dir='ltr'>Caules</span> <span class='ocrx_word' id='word_1_206' title='bbox 506 2452 560 2499; x_wconf 91' lang='lat' dir='ltr'>in</span> <span class='ocrx_word' id='word_1_207' title='bbox 593 2449 840 2519; x_wconf 81' lang='lat' dir='ltr'>fertilibus</span> <span class='ocrx_word' id='word_1_208' title='bbox 876 2451 998 2501; x_wconf 85' lang='lat' dir='ltr'>locis</span> <span class='ocrx_word' id='word_1_209' title='bbox 1035 2451 1232 2509; x_wconf 85' lang='lat' dir='ltr'>diffusi,</span> <span class='ocrx_word' id='word_1_210' title='bbox 1259 2466 1309 2502; x_wconf 90' lang='lat' dir='ltr'>et</span> <span class='ocrx_word' id='word_1_211' title='bbox 1342 2454 1547 2520; x_wconf 78' lang='lat' dir='ltr'>pedales</span> <span class='ocrx_word' id='word_1_212' title='bbox 1580 2475 1594 2519; x_wconf 78' lang='lat'>3</span> <span class='ocrx_word' id='word_1_213' title='bbox 1627 2458 1679 2505; x_wconf 90' lang='lat' dir='ltr'>in</span> <span class='ocrx_word' id='word_1_214' title='bbox 1715 2461 1858 2508; x_wconf 86' lang='lat' dir='ltr'>steri—</span> 
     </span>
     <span class='ocr_line' id='line_1_27' title="bbox 344 2536 1860 2602; baseline 0.007 -18"><span class='ocrx_word' id='word_1_215' title='bbox 344 2536 478 2585; x_wconf 89' lang='lat' dir='ltr'>libus</span> <span class='ocrx_word' id='word_1_216' title='bbox 513 2539 694 2598; x_wconf 83' lang='lat' dir='ltr'>erecti,</span> <span class='ocrx_word' id='word_1_217' title='bbox 718 2554 866 2602; x_wconf 84' lang='lat' dir='ltr'>parce</span> <span class='ocrx_word' id='word_1_218' title='bbox 901 2540 1079 2586; x_wconf 83' lang='lat' dir='ltr'>ramosi</span> <span class='ocrx_word' id='word_1_219' title='bbox 1099 2575 1114 2600; x_wconf 85' lang='lat'>‚</span> <span class='ocrx_word' id='word_1_220' title='bbox 1140 2537 1409 2602; x_wconf 85' lang='lat' dir='ltr'>pollicares</span> <span class='ocrx_word' id='word_1_221' title='bbox 1437 2560 1447 2587; x_wconf 74' lang='grc' dir='ltr'><strong><em>ε</em></strong></span> <span class='ocrx_word' id='word_1_222' title='bbox 1471 2540 1665 2601; x_wconf 75' lang='lat' dir='ltr'>foliola</span> <span class='ocrx_word' id='word_1_223' title='bbox 1691 2547 1860 2596; x_wconf 83' lang='lat' dir='ltr'>subtus</span> 
     </span>
     <span class='ocr_line' id='line_1_28' title="bbox 348 2621 1860 2687; baseline 0.007 -19"><span class='ocrx_word' id='word_1_224' title='bbox 348 2637 490 2687; x_wconf 85' lang='lat' dir='ltr'>saepe</span> <span class='ocrx_word' id='word_1_225' title='bbox 524 2622 793 2670; x_wconf 84' lang='lat' dir='ltr'>rubentia:</span> <span class='ocrx_word' id='word_1_226' title='bbox 839 2621 1098 2670; x_wconf 60' lang='lat' dir='ltr'>antherae</span> <span class='ocrx_word' id='word_1_227' title='bbox 1135 2621 1331 2671; x_wconf 85' lang='lat' dir='ltr'>albidae</span> <span class='ocrx_word' id='word_1_228' title='bbox 1361 2643 1370 2670; x_wconf 93' lang='lat'>:</span> <span class='ocrx_word' id='word_1_229' title='bbox 1415 2624 1574 2686; x_wconf 76' lang='lat' dir='ltr'>flores</span> <span class='ocrx_word' id='word_1_230' title='bbox 1616 2628 1719 2677; x_wconf 88' lang='lat' dir='ltr'>scre</span> <span class='ocrx_word' id='word_1_231' title='bbox 1756 2649 1860 2678; x_wconf 87' lang='lat' dir='ltr'>ma-</span> 
     </span>
     <span class='ocr_line' id='line_1_29' title="bbox 343 2707 1855 2779; baseline 0.005 -24"><span class='ocrx_word' id='word_1_232' title='bbox 343 2708 607 2771; x_wconf 84' lang='lat' dir='ltr'>gnitudine</span> <span class='ocrx_word' id='word_1_233' title='bbox 643 2710 926 2775; x_wconf 81' lang='lat' dir='ltr'>sequentis:</span> <span class='ocrx_word' id='word_1_234' title='bbox 951 2707 1190 2770; x_wconf 71' lang='lat' dir='ltr'>ficlzc&#39;ezclc‘</span> <span class='ocrx_word' id='word_1_235' title='bbox 1226 2710 1537 2759; x_wconf 84' lang='lat' dir='ltr'>umbilieales</span> <span class='ocrx_word' id='word_1_236' title='bbox 1574 2719 1855 2779; x_wconf 78' lang='lat' dir='ltr'>compressi,</span> 
     </span>
     <span class='ocr_line' id='line_1_30' title="bbox 349 2795 1857 2863; baseline 0.002 -20"><span class='ocrx_word' id='word_1_237' title='bbox 349 2795 437 2844; x_wconf 86' lang='lat' dir='ltr'>sed</span> <span class='ocrx_word' id='word_1_238' title='bbox 471 2799 558 2844; x_wconf 81' lang='lat' dir='ltr'>vix</span> <span class='ocrx_word' id='word_1_239' title='bbox 592 2796 738 2859; x_wconf 82' lang='lat' dir='ltr'>alati3</span> <span class='ocrx_word' id='word_1_240' title='bbox 763 2809 810 2846; x_wconf 87' lang='lat' dir='ltr'>et</span> <span class='ocrx_word' id='word_1_241' title='bbox 843 2798 960 2846; x_wconf 75' lang='lat' dir='ltr'>inde</span> <span class='ocrx_word' id='word_1_242' title='bbox 998 2816 1088 2863; x_wconf 84' lang='lat' dir='ltr'>pro</span> <span class='ocrx_word' id='word_1_243' title='bbox 1124 2799 1220 2845; x_wconf 85' lang='lat' dir='ltr'>hoc</span> <span class='ocrx_word' id='word_1_244' title='bbox 1244 2798 1526 2846; x_wconf 83' lang='lat' dir='ltr'>charactere</span> <span class='ocrx_word' id='word_1_245' title='bbox 1563 2800 1692 2847; x_wconf 87' lang='lat' dir='ltr'>inter</span> <span class='ocrx_word' id='word_1_246' title='bbox 1733 2802 1857 2848; x_wconf 75' lang='lat' dir='ltr'>Car-</span> 
     </span>
     <span class='ocr_line' id='line_1_31' title="bbox 350 2879 1692 2933; baseline 0.002 -5"><span class='ocrx_word' id='word_1_247' title='bbox 350 2879 614 2932; x_wconf 73' lang='lat' dir='ltr'>damitzenz</span> <span class='ocrx_word' id='word_1_248' title='bbox 650 2895 699 2930; x_wconf 89' lang='lat' dir='ltr'>et</span> <span class='ocrx_word' id='word_1_249' title='bbox 733 2886 1111 2931; x_wconf 70' lang='lat' dir='ltr'>Pteronemum</span> <span class='ocrx_word' id='word_1_250' title='bbox 1146 2886 1478 2933; x_wconf 86' lang='lat' dir='ltr'>recentiorum</span> <span class='ocrx_word' id='word_1_251' title='bbox 1513 2885 1692 2933; x_wconf 84' lang='lat' dir='ltr'>media.</span> 
     </span>
    </p>

    <p class='ocr_par' dir='ltr' id='par_1_10' title="bbox 283 2966 1862 3192">
     <span class='ocr_line' id='line_1_32' title="bbox 283 2966 1861 3035; baseline 0.004 -23"><span class='ocrx_word' id='word_1_252' title='bbox 283 2966 404 3014; x_wconf 88' lang='lat' dir='ltr'>leon</span> <span class='ocrx_word' id='word_1_253' title='bbox 439 2967 631 3016; x_wconf 77' lang='lat' dir='ltr'>Deles-s,</span> <span class='ocrx_word' id='word_1_254' title='bbox 670 2985 771 3015; x_wconf 85' lang='lat' dir='ltr'>non</span> <span class='ocrx_word' id='word_1_255' title='bbox 807 2969 992 3033; x_wconf 78' lang='lat' dir='ltr'>optima</span> <span class='ocrx_word' id='word_1_256' title='bbox 1019 3004 1032 3027; x_wconf 85' lang='lat'><em>,</em></span> <span class='ocrx_word' id='word_1_257' title='bbox 1072 2969 1192 3032; x_wconf 81' lang='lat' dir='ltr'>quia</span> <span class='ocrx_word' id='word_1_258' title='bbox 1226 2968 1437 3035; x_wconf 83' lang='lat' dir='ltr'>siliquae</span> <span class='ocrx_word' id='word_1_259' title='bbox 1475 2971 1621 3018; x_wconf 85' lang='lat' dir='ltr'>nimis</span> <span class='ocrx_word' id='word_1_260' title='bbox 1665 2970 1861 3018; x_wconf 82' lang='lat' dir='ltr'>distan-</span> 
     </span>
     <span class='ocr_line' id='line_1_33' title="bbox 344 3052 1862 3120; baseline 0.003 -23"><span class='ocrx_word' id='word_1_261' title='bbox 344 3061 414 3098; x_wconf 81' lang='lat' dir='ltr'>tes</span> <span class='ocrx_word' id='word_1_262' title='bbox 440 3086 453 3110; x_wconf 89' lang='lat'><strong><em>,</em></strong></span> <span class='ocrx_word' id='word_1_263' title='bbox 497 3052 694 3100; x_wconf 83' lang='lat' dir='ltr'>habitus</span> <span class='ocrx_word' id='word_1_264' title='bbox 745 3054 944 3118; x_wconf 85' lang='lat' dir='ltr'>plantae</span> <span class='ocrx_word' id='word_1_265' title='bbox 982 3053 1264 3113; x_wconf 78' lang='lat' dir='ltr'>robustior,</span> <span class='ocrx_word' id='word_1_266' title='bbox 1328 3068 1376 3102; x_wconf 87' lang='lat' dir='ltr'>et</span> <span class='ocrx_word' id='word_1_267' title='bbox 1429 3072 1455 3101; x_wconf 90' lang='lat' dir='ltr'>a</span> <span class='ocrx_word' id='word_1_268' title='bbox 1510 3057 1667 3102; x_wconf 69' lang='lat' dir='ltr'>{orma</span> <span class='ocrx_word' id='word_1_269' title='bbox 1711 3060 1862 3120; x_wconf 79' lang='lat' dir='ltr'>magis</span> 
     </span>
     <span class='ocr_line' id='line_1_34' title="bbox 353 3138 1859 3192; baseline 0.005 -10"><span class='ocrx_word' id='word_1_270' title='bbox 353 3138 501 3187; x_wconf 77' lang='lat' dir='ltr'>obvia</span> <span class='ocrx_word' id='word_1_271' title='bbox 539 3140 769 3188; x_wconf 84' lang='lat' dir='ltr'>nonnihil</span> <span class='ocrx_word' id='word_1_272' title='bbox 812 3140 1016 3189; x_wconf 61' lang='lat' dir='ltr'>alienus</span> <span class='ocrx_word' id='word_1_273' title='bbox 1069 3142 1121 3188; x_wconf 83' lang='lat' dir='ltr'>C.</span> <span class='ocrx_word' id='word_1_274' title='bbox 1147 3156 1360 3189; x_wconf 71' lang='lat' dir='ltr'>carnosa</span> <span class='ocrx_word' id='word_1_275' title='bbox 1401 3142 1615 3192; x_wconf 79' lang='lat' dir='ltr'>chcldsl</span> <span class='ocrx_word' id='word_1_276' title='bbox 1648 3155 1694 3191; x_wconf 84' lang='lat' dir='ltr'>et</span> <span class='ocrx_word' id='word_1_277' title='bbox 1739 3143 1859 3191; x_wconf 79' lang='lat' dir='ltr'>Kit,</span> 
     </span>
    </p>
   </div>
  </div>
 </body>
</html>
