2179 3516
350 226 445 272 526
790 233 1438 269 nunmffliim-nnmunnu.

412 328 819 386 lato-caudatae,
850 347 946 375 non
973 336 1243 382 connatae,
1269 323 1624 379 subnervosae,
1664 338 1722 369 ex
1748 319 1949 368 albido-

412 412 656 459 virentes:
688 409 929 473 peda-elli
960 406 1137 470 calyce
1172 404 1449 454 breviores:
1487 403 1682 465 calyces
1715 402 1950 470 glabriu-

411 497 568 556 sculi,
610 497 829 557 nervosi3
868 495 1081 541 laciniae
1106 491 1238 538 duae
1267 492 1542 557 superiores
1579 502 1786 550 ovatae,
1825 506 1950 536 acu-

412 582 684 641 tiusculae‚
724 579 885 646 duplo
922 576 1244 625 inferioribus
1281 586 1490 642 anguste
1527 574 1805 622 linearibus
1840 572 1951 637 bre-

413 667 782 728 vioreszflores
818 665 973 713 6-2οε
1009 661 1244 727 capitula
1279 661 1371 708 sub
1409 661 1602 708 anthesi
1639 659 1740 707 fere
1773 669 1954 705 rotun—

413 752 531 800 data
559 788 573 812 ,
634 750 750 798 inde
784 749 1052 815 elliptica:
1096 745 1345 795 vexillum
1380 747 1534 802 2{-4
1571 743 1663 791 lin.
1700 742 1911 810 longum
1940 777 1954 800 ‚

412 841 689 899 sulcatum,
728 836 1224 896 rubro-violaceum,
1249 834 1611 895 rotundatum,
1637 844 1749 900 post
1783 831 1958 879 anthe—

414 930 504 976 sim
540 945 641 975 una
678 944 793 974 cum
829 925 922 973 alis
959 936 1007 972 et
1041 924 1216 972 carina
1252 922 1582 990 spadiceum:
1634 922 1749 968 alae
1784 918 1955 985 PIIca—

413 1012 889 1072 to—canaliculatae,
929 1009 1272 1077 divergentes,
1313 1020 1361 1057 et
1383 1009 1566 1056 carina
1604 1006 1773 1054 albae:
1810 1006 1957 1069 legu-

413 1116 533 1148 men
575 1114 629 1147 1-
654 1114 909 1165 spermum
934 1116 945 1143 :
982 1096 1222 1143 semitm..
1245 1131 1255 1141 .
1279 1132 1290 1141 .
1313 1131 1322 1140 .

348 1187 423 1236 Ex
459 1185 817 1253 speciminibus
853 1183 1073 1231 herbarii
1111 1184 1301 1230 Tozmz.
1339 1180 1401 1229 de
1437 1196 1727 1248 synonymo
1770 1175 1962 1226 PVilld.

413 1286 574 1323 certus
610 1292 736 1322 sum.
791 1275 911 1321 Icon
947 1274 1082 1319 Bon.
1118 1287 1146 1317 a
1191 1270 1305 1317 Tm.
1342 1268 1495 1316 citata
1541 1268 1593 1316 in
1638 1283 1748 1315 meo
1793 1280 1964 1314 exem-

413 1360 545 1427 plari
574 1362 666 1425 198
705 1358 910 1407 tubulas
947 1358 1284 1425 amplectente
1309 1354 1637 1404 desideratur.
1673 1349 1810 1400 Male
1834 1350 1964 1396 inter

415 1451 741 1515 Lupinastrcz
775 1448 911 1514 (sect.
937 1446 1047 1514 VJ.)
1084 1466 1113 1496 a
1150 1446 1227 1496 Cl.
1262 1450 1395 1495 Dec.
1430 1445 1615 1511 species
1649 1443 1773 1490 haec
1809 1437 1964 1487 refer—

414 1550 528 1598 tur,
578 1555 694 1585 nam
729 1535 796 1585 ad
831 1536 1110 1601 anztlincz
1146 1533 1329 1601 procul
1367 1533 1525 1581 dubio
1561 1540 1766 1598 spectat.

282 1640 362 1684 41.
404 1627 459 1674 T.
495 1638 867 1673 CAMPESTRE.
892 1618 1098 1669 Schreb.
1122 1619 1174 1667 in
1199 1622 1380 1666 Sim-m
1399 1616 1463 1680 fl.
1481 1632 1647 1680 germ.
1671 1629 1709 1662 1.
1730 1610 1869 1673 fase.
1895 1609 1967 1657 16.

349 1712 409 1760 T.
443 1710 705 1778 glabrum,
733 1706 880 1755 caule
915 1716 1078 1753 erecto
1091 1742 1105 1765 ,
1144 1704 1295 1751 ramis
1330 1701 1519 1769 patulis
1546 1698 1849 1763 erectisque,
1888 1694 1967 1742 fo-

416 1797 554 1846 liolis
577 1796 861 1845 obcordatis
887 1795 1115 1843 obovatis
1140 1793 1487 1860 cllipticisque
1512 1785 1867 1844 denticulatis,
1893 1784 1970 1830 in—

419 1883 660 1933 termedio
694 1882 898 1949 longius
932 1880 1204 1948 petiolato,
1242 1878 1443 1946 stipulis
1469 1876 1622 1923 breve
1659 1868 1972 1920 lanceolato—

416 1971 671 2032 caudatis,
708 1969 1014 2037 pedunculis
1039 1967 1163 2016 solio
1199 1965 1541 2033 longioribus,
1580 1959 1820 2027 capitulis
1843 1974 1972 2004 ova—

416 2059 577 2119 libus,
616 2055 823 2104 floribus
861 2054 1054 2114 densis,
1094 2051 1285 2118 calycis
1323 2049 1488 2117 glabri
1525 2045 1727 2095 laciniiS
1763 2041 1975 2091 inferio-

416 2145 556 2193 ribus
598 2141 912 2209 longioribus
951 2138 1073 2186 tubo
1108 2135 1411 2203 aequalibus
1445 2133 1651 2201 glabris.

417 2233 480 2282 T.
513 2231 784 2299 agrarium.
819 2228 981 2276 (scria
1006 2230 1078 2276 H.
1115 2227 1256 2273 Pan.
1280 2241 1338 2288 p.
1364 2222 1485 2278 321,
1521 2232 1569 2268 et
1606 2219 1727 2269 Bia.
1764 2225 1892 2265 cent.
1919 2229 1969 2263 2.

415 2336 467 2382 p.
499 2333 596 2381 70,
632 2333 733 2362 non
770 2315 896 2364 Lm.
932 2314 993 2361 ex
1028 2311 1157 2359 loco.

419 2403 480 2450 T.
517 2399 851 2466 procumbens
880 2435 893 2458 ,
951 2396 994 2443 b.
1031 2406 1322 2461 campestre.
1367 2382 1512 2441 'Dea
1566 2407 1647 2455 pr.
1699 2405 1738 2436 S.
1780 2394 1886 2434 nac.
1930 2399 1976 2433 2.

414 2505 466 2550 p.
505 2486 626 2545 205,
665 2502 725 2532 ex
761 2482 867 2549 ejus
903 2481 1172 2530 herbario!

421 2574 481 2621 T.
546 2572 799 2637 agrarium
827 2607 839 2631 ,
900 2569 1099 2618 luteum
1126 2606 1139 2629 ,
1203 2564 1432 2633 capitulo
1491 2560 1685 2628 Lupuli
1716 2597 1730 2620 ,
1791 2557 1970 2621 majus.

440 2662 568 2723 Cup.
606 2663 678 2709 H.
723 2658 866 2707 Cath.
893 2676 953 2724 p.
992 2671 1103 2722 217.

368 2744 429 2789 lc.
467 2747 646 2790 Sturm
681 2742 711 2790 l.
749 2762 794 2793 e.

432 2825 719 2887 Melilotus,
758 2828 846 2893 qui
874 2827 931 2875 T.
959 2837 1188 2892 pratense
1224 2822 1451 2879 luteum,
1494 2817 1721 2883 capitulo
1758 2813 1982 2880 Lupufi,

436 2910 522 2957 vel
560 2914 825 2975 agrarium.
867 2913 1030 2961 Vaill.
1078 2911 1245 2958 Paris.
1283 2918 1314 2957 l.
1354 2922 1434 2955 22.
1460 2906 1510 2967 s.
1547 2907 1599 2953 3.

363 2996 405 3043 b.
443 2995 687 3061 callycinis
727 2997 920 3047 laciniis
975 2999 1094 3047 tubo
1144 2997 1455 3064 longioribus
1505 2993 1726 3061 glabris,
1782 2986 1986 3055 pedun-

438 3085 567 3133 culis
608 3098 660 3132 ut
700 3088 749 3133 ἰιι
790 3107 836 3134 a.
