2179 3516
297 206 390 254 562
734 209 1382 243 titAnELPnIA-DECANDRIA.

369 304 641 355 Trifolium
678 299 1025 360 cochleatum,
1063 296 1188 346 folio
1223 296 1439 347 cdrdato
1473 297 1747 348 maculato.
1787 301 1918 368 Cup.

365 393 394 439 l.
433 407 475 437 c.
511 403 658 451 supp.
690 386 778 432 alt.
807 401 867 448 J2-
890 399 983 449 90.

305 484 369 529 Ic.
393 477 594 528 Medica
619 475 839 534 hirsuta,
878 471 1058 520 foliolo
1082 469 1290 519 cordato
1317 470 1522 520 macula
1546 471 1690 540 nig‘ra
1714 472 1921 541 insigni-

370 580 421 615 to
449 604 461 626 ,
511 563 770 612 cochleam
807 561 995 609 semine
1022 597 1035 622 ,
1088 578 1285 610 sursum
1320 572 1368 609 et
1405 560 1639 609 deorsum
1675 561 1923 613 aculeatO.

383 661 509 722 Cup.
538 651 738 720 [κωφή.
777 662 823 697 2.
858 658 889 699 t.
927 664 1028 716 119.

375 744 572 794 Medica
610 740 823 789 arabica.
867 742 1015 788 Cam.
1049 739 1177 790 lzort.
1204 759 1264 806 p.
1287 758 1381 808 97.
1416 750 1447 790 t.
1487 754 1587 807 27;
1625 739 1712 790 sed
1748 740 1923 809 spinae

386 831 533 878 nimis
572 843 761 874 crassae
799 824 1060 873 videntur.

318 918 370 963 ln
409 911 588 977 apricis
626 908 875 969 herbosiS,
914 919 963 955 et
997 908 1125 956 inter
1161 918 1371 975 segetes:
1416 909 1656 956 Catam'a.

315 1001 518 1069 Aprili,
557 998 712 1064 Majo.
755 1003 807 1055 Ε)

325 1088 519 1137 Folz'ola
557 1082 859 1144 obcordata,
898 1100 1012 1130 raro
1050 1082 1296 1142 obovata,
1339 1079 1788 1144 dentato-serrata,
1823 1099 1934 1131 ma-

383 1173 500 1221 cula
525 1168 817 1219 coi-diformi
845 1169 1039 1235 saepius
1066 1178 1235 1215 notata
1253 1204 1265 1228 ,
1285 1165 1373 1216 vel
1397 1178 1557 1215 aetate
1579 1180 1933 1218 evanescente:

383 1257 647 1321 legumina
672 1253 875 1319 juniora
901 1251 1159 1320 depressa,
1189 1262 1246 1299 ut
1271 1252 1321 1298 in
1349 1254 1428 1300 M.
1452 1252 1812 1318 mun'colepti,
1850 1252 1935 1302 sed

384 1340 565 1389 adulta
602 1338 701 1387 sere
750 1336 997 1406 globosa,
1050 1338 1295 1403 utrinque
1336 1335 1532 1403 plana,
1581 1338 1938 1406 magnitudine

386 1429 506 1476 Pisi
538 1438 586 1474 ct
620 1424 779 1473 ultra:
816 1425 997 1490 spinae
1031 1422 1124 1471 lin.
1166 1441 1182 1471 1
1218 1423 1237 1480 ἑ
1273 1422 1486 1492 longae,
1523 1436 1793 1489 arcuatae,
1832 1443 1935 1474 non

387 1528 507 1561 vero
531 1510 824 1572 uncinatae3
860 1505 1069 1554 adultae
1096 1504 1204 1554 basi
1235 1522 1571 1573 compressae,
1609 1508 1937 1569 incrassatae,

391 1613 438 1650 et
475 1598 806 1648 exsiccatione
841 1594 1231 1645 canaliculatae.

325 1693 443 1739 Icon
483 1688 667 1738 stfforz's.
700 1702 739 1733 s.
775 1697 823 1734 2.
859 1693 892 1732 t.
929 1683 1007 1732 15.
1041 1679 1093 1742 s
1128 1693 1216 1738 12,
1261 1699 1394 1748 quae
1427 1699 1456 1730 a
1498 1682 1688 1733 W‘lld.
1723 1668 1816 1732 sub
1849 1684 1946 1731 hac

396 1773 559 1840 specie
594 1773 780 1819 citatur
805 1807 824 1827 ,
863 1765 997 1816 male
1032 1765 1096 1816 ad
1136 1766 1216 1813 M.
1252 1765 1694 1834 sphaerocczrpam
1729 1766 1947 1815 trahitur

395 1877 423 1908 a
458 1861 590 1906 Dec.
622 1857 653 1904 l.
687 1873 728 1903 o.

269 1948 342 1995 13.
379 1948 460 1994 M.
496 1955 949 1990 ΜΠΗΙΟΟῙἙΡΤΜ.
1000 1940 1114 1989 Tm.
1152 1955 1283 2003 pag.
1321 1952 1359 1985 1.
1402 1953 1459 2000 p.
1494 1937 1569 1985 18.
1620 1939 1753 1985 Dec.
1789 1955 1877 2003 pr.
1911 1955 1948 1986 s.

401 2041 504 2079 nat.
534 2044 576 2077 2.
608 2049 659 2093 p.
689 2044 793 2095 179.

338 2121 407 2168 M.
449 2116 666 2183 glabra,
720 2112 919 2179 stipulis
961 2108 1396 2160 'ciliato-dentatis
1423 2146 1436 2171 ,
1486 2108 1797 2177 pedunculis
1837 2127 1955 2162 1-2-

405 2205 540 2253 ssoris
579 2203 701 2251 solio
737 2201 1086 2269 longioribus,
1124 2199 1470 2268 leguminibus
1507 2198 1837 2267 subadpresse
1872 2219 1954 2249 co·-

410 2290 617 2338 chlcatis
677 2290 799 2347 4-5—
823 2287 982 2356 cyclis
1042 2287 1285 2353 depressis
1349 2285 1592 2352 utrinque
1648 2285 1957 2354 planissimis

412 2373 657 2440 exquisite
691 2369 1223 2420 nervoso-reticulatis
1248 2405 1262 2432 ,
1322 2381 1498 2420 sutura
1535 2372 1780 2420 exteriore
1817 2372 1957 2420 tenui

414 2463 590 2510 obtusa
626 2458 915 2508 unisulcata
952 2459 1195 2525 utrinque
1218 2458 1449 2525 spinosa,
1490 2460 1646 2527 spinis
1670 2460 1959 2526 patentibus

417 2546 633 2596 arcuatis
669 2546 872 2594 setaceis
907 2545 1015 2594 basi
1050 2544 1374 2593 crassioribus
1410 2543 1783 2595 canaliculatis.

352 2637 417 2683 lc.
453 2636 534 2684 Fl.
568 2635 654 2682 sic.
690 2643 723 2684 t.
759 2635 884 2691 425.
903 2630 955 2694 f
991 2646 1039 2680 2.

423 2723 489 2768 Μ.
524 2737 704 2786 magno
739 2717 909 2767 fructu
935 2715 1261 2784 depressiori,
1299 2715 1489 2766 aculeis
1525 2735 1722 2768 sursum
1744 2730 1793 2768 et
1816 2717 1965 2768 deor-

425 2821 531 2851 sum
567 2806 720 2851 versis
764 2803 1040 2852 rarioribus
1083 2801 1480 2850 surrectioribus.
1523 2804 1653 2868 Cup.
1686 2802 1890 2869 panph.
1928 2818 1966 2852 ι.

428 2901 459 2939 t.
493 2892 576 2938 82.

365 2981 420 3026 ln
460 2979 591 3024 arx-is
627 2981 902 3046 argillosis,
943 2980 1007 3030 ad
1040 2982 1178 3042 vias,
1218 2980 1271 3029 in
1300 2981 1525 3047 pascuis,
1563 2994 1610 3033 et
1633 2982 1764 3033 inter
1787 2994 1970 3052 segetes

433 3064 633 3128 ubique.
